%YAML 1.1
%TAG !u! tag:unity3d.com,2011:
--- !u!1 &4466162356159339345
GameObject:
  m_ObjectHideFlags: 0
  m_CorrespondingSourceObject: {fileID: 0}
  m_PrefabInstance: {fileID: 0}
  m_PrefabAsset: {fileID: 0}
  serializedVersion: 6
  m_Component:
  - component: {fileID: 4466162356159339344}
  m_Layer: 0
  m_Name: SimpleWall
  m_TagString: Untagged
  m_Icon: {fileID: 0}
  m_NavMeshLayer: 0
  m_StaticEditorFlags: 0
  m_IsActive: 1
--- !u!4 &4466162356159339344
Transform:
  m_ObjectHideFlags: 0
  m_CorrespondingSourceObject: {fileID: 0}
  m_PrefabInstance: {fileID: 0}
  m_PrefabAsset: {fileID: 0}
  m_GameObject: {fileID: 4466162356159339345}
  m_LocalRotation: {x: -0, y: -0, z: -0, w: 1}
  m_LocalPosition: {x: 0.000000089407, y: 0.5, z: -3.5}
  m_LocalScale: {x: 1, y: 1, z: 1}
  m_Children:
  - {fileID: 8754686897178266731}
  - {fileID: 3556558626159979679}
  - {fileID: 3556558626950377529}
  - {fileID: 3556558626343194349}
  - {fileID: 3556558626135076201}
  - {fileID: 3556558626295366617}
  - {fileID: 3556558626909693764}
  - {fileID: 3556558626671119859}
  - {fileID: 3556558626919406764}
  - {fileID: 3556558625722697636}
  - {fileID: 3556558626468888968}
  - {fileID: 3556558626949601925}
  - {fileID: 3556558627356610139}
  - {fileID: 3556558626133376462}
  - {fileID: 3556558626162708163}
  - {fileID: 3556558626832214295}
  - {fileID: 3556558626373894943}
  - {fileID: 3556558626374440617}
  - {fileID: 3556558627284909430}
  - {fileID: 3556558625964994074}
  - {fileID: 3556558625716918521}
  - {fileID: 3556558627416028461}
  - {fileID: 3556558626221068323}
  - {fileID: 3556558626533094450}
  - {fileID: 3556558625911693188}
  - {fileID: 3556558626710066844}
  - {fileID: 3556558625718053720}
  m_Father: {fileID: 0}
  m_RootOrder: 0
  m_LocalEulerAnglesHint: {x: 0, y: 0, z: 0}
--- !u!1001 &4466162356258957195
PrefabInstance:
  m_ObjectHideFlags: 0
  serializedVersion: 2
  m_Modification:
    m_TransformParent: {fileID: 4466162356159339344}
    m_Modifications:
    - target: {fileID: 8911416257359757521, guid: c382c23091f0980418a079af87b3c306,
        type: 3}
      propertyPath: m_Name
      value: CastleBlock (21)
      objectReference: {fileID: 0}
    - target: {fileID: 910167180567564966, guid: c382c23091f0980418a079af87b3c306,
        type: 3}
      propertyPath: m_LocalPosition.x
      value: -0.5
      objectReference: {fileID: 0}
    - target: {fileID: 910167180567564966, guid: c382c23091f0980418a079af87b3c306,
        type: 3}
      propertyPath: m_LocalPosition.y
      value: 3
      objectReference: {fileID: 0}
    - target: {fileID: 910167180567564966, guid: c382c23091f0980418a079af87b3c306,
        type: 3}
      propertyPath: m_LocalPosition.z
      value: 0
      objectReference: {fileID: 0}
    - target: {fileID: 910167180567564966, guid: c382c23091f0980418a079af87b3c306,
        type: 3}
      propertyPath: m_LocalRotation.x
      value: -0
      objectReference: {fileID: 0}
    - target: {fileID: 910167180567564966, guid: c382c23091f0980418a079af87b3c306,
        type: 3}
      propertyPath: m_LocalRotation.y
      value: -0
      objectReference: {fileID: 0}
    - target: {fileID: 910167180567564966, guid: c382c23091f0980418a079af87b3c306,
        type: 3}
      propertyPath: m_LocalRotation.z
      value: -0
      objectReference: {fileID: 0}
    - target: {fileID: 910167180567564966, guid: c382c23091f0980418a079af87b3c306,
        type: 3}
      propertyPath: m_LocalRotation.w
      value: 1
      objectReference: {fileID: 0}
    - target: {fileID: 910167180567564966, guid: c382c23091f0980418a079af87b3c306,
        type: 3}
      propertyPath: m_RootOrder
      value: 21
      objectReference: {fileID: 0}
    - target: {fileID: 910167180567564966, guid: c382c23091f0980418a079af87b3c306,
        type: 3}
      propertyPath: m_LocalEulerAnglesHint.x
      value: 0
      objectReference: {fileID: 0}
    - target: {fileID: 910167180567564966, guid: c382c23091f0980418a079af87b3c306,
        type: 3}
      propertyPath: m_LocalEulerAnglesHint.y
      value: 0
      objectReference: {fileID: 0}
    - target: {fileID: 910167180567564966, guid: c382c23091f0980418a079af87b3c306,
        type: 3}
      propertyPath: m_LocalEulerAnglesHint.z
      value: 0
      objectReference: {fileID: 0}
    - target: {fileID: 4825951457900733523, guid: c382c23091f0980418a079af87b3c306,
        type: 3}
      propertyPath: m_Materials.Array.data[0]
      value: 
      objectReference: {fileID: 2100000, guid: 1319e1f80b18a1a42a386b5dc2988080, type: 2}
    m_RemovedComponents: []
  m_SourcePrefab: {fileID: 100100000, guid: c382c23091f0980418a079af87b3c306, type: 3}
--- !u!4 &3556558627416028461 stripped
Transform:
  m_CorrespondingSourceObject: {fileID: 910167180567564966, guid: c382c23091f0980418a079af87b3c306,
    type: 3}
  m_PrefabInstance: {fileID: 4466162356258957195}
  m_PrefabAsset: {fileID: 0}
--- !u!1001 &4466162356389949392
PrefabInstance:
  m_ObjectHideFlags: 0
  serializedVersion: 2
  m_Modification:
    m_TransformParent: {fileID: 4466162356159339344}
    m_Modifications:
    - target: {fileID: 8911416257359757521, guid: c382c23091f0980418a079af87b3c306,
        type: 3}
      propertyPath: m_Name
      value: CastleBlock (18)
      objectReference: {fileID: 0}
    - target: {fileID: 910167180567564966, guid: c382c23091f0980418a079af87b3c306,
        type: 3}
      propertyPath: m_LocalPosition.x
      value: 2.5
      objectReference: {fileID: 0}
    - target: {fileID: 910167180567564966, guid: c382c23091f0980418a079af87b3c306,
        type: 3}
      propertyPath: m_LocalPosition.y
      value: 3
      objectReference: {fileID: 0}
    - target: {fileID: 910167180567564966, guid: c382c23091f0980418a079af87b3c306,
        type: 3}
      propertyPath: m_LocalPosition.z
      value: 0
      objectReference: {fileID: 0}
    - target: {fileID: 910167180567564966, guid: c382c23091f0980418a079af87b3c306,
        type: 3}
      propertyPath: m_LocalRotation.x
      value: -0
      objectReference: {fileID: 0}
    - target: {fileID: 910167180567564966, guid: c382c23091f0980418a079af87b3c306,
        type: 3}
      propertyPath: m_LocalRotation.y
      value: -0
      objectReference: {fileID: 0}
    - target: {fileID: 910167180567564966, guid: c382c23091f0980418a079af87b3c306,
        type: 3}
      propertyPath: m_LocalRotation.z
      value: -0
      objectReference: {fileID: 0}
    - target: {fileID: 910167180567564966, guid: c382c23091f0980418a079af87b3c306,
        type: 3}
      propertyPath: m_LocalRotation.w
      value: 1
      objectReference: {fileID: 0}
    - target: {fileID: 910167180567564966, guid: c382c23091f0980418a079af87b3c306,
        type: 3}
      propertyPath: m_RootOrder
      value: 18
      objectReference: {fileID: 0}
    - target: {fileID: 910167180567564966, guid: c382c23091f0980418a079af87b3c306,
        type: 3}
      propertyPath: m_LocalEulerAnglesHint.x
      value: 0
      objectReference: {fileID: 0}
    - target: {fileID: 910167180567564966, guid: c382c23091f0980418a079af87b3c306,
        type: 3}
      propertyPath: m_LocalEulerAnglesHint.y
      value: 0
      objectReference: {fileID: 0}
    - target: {fileID: 910167180567564966, guid: c382c23091f0980418a079af87b3c306,
        type: 3}
      propertyPath: m_LocalEulerAnglesHint.z
      value: 0
      objectReference: {fileID: 0}
    - target: {fileID: 4825951457900733523, guid: c382c23091f0980418a079af87b3c306,
        type: 3}
      propertyPath: m_Materials.Array.data[0]
      value: 
      objectReference: {fileID: 2100000, guid: 1319e1f80b18a1a42a386b5dc2988080, type: 2}
    m_RemovedComponents: []
  m_SourcePrefab: {fileID: 100100000, guid: c382c23091f0980418a079af87b3c306, type: 3}
--- !u!4 &3556558627284909430 stripped
Transform:
  m_CorrespondingSourceObject: {fileID: 910167180567564966, guid: c382c23091f0980418a079af87b3c306,
    type: 3}
  m_PrefabInstance: {fileID: 4466162356389949392}
  m_PrefabAsset: {fileID: 0}
--- !u!1001 &4466162356451532029
PrefabInstance:
  m_ObjectHideFlags: 0
  serializedVersion: 2
  m_Modification:
    m_TransformParent: {fileID: 4466162356159339344}
    m_Modifications:
    - target: {fileID: 8911416257359757521, guid: c382c23091f0980418a079af87b3c306,
        type: 3}
      propertyPath: m_Name
      value: CastleBlock (12)
      objectReference: {fileID: 0}
    - target: {fileID: 910167180567564966, guid: c382c23091f0980418a079af87b3c306,
        type: 3}
      propertyPath: m_LocalPosition.x
      value: -2.5
      objectReference: {fileID: 0}
    - target: {fileID: 910167180567564966, guid: c382c23091f0980418a079af87b3c306,
        type: 3}
      propertyPath: m_LocalPosition.y
      value: 2
      objectReference: {fileID: 0}
    - target: {fileID: 910167180567564966, guid: c382c23091f0980418a079af87b3c306,
        type: 3}
      propertyPath: m_LocalPosition.z
      value: 0
      objectReference: {fileID: 0}
    - target: {fileID: 910167180567564966, guid: c382c23091f0980418a079af87b3c306,
        type: 3}
      propertyPath: m_LocalRotation.x
      value: -0
      objectReference: {fileID: 0}
    - target: {fileID: 910167180567564966, guid: c382c23091f0980418a079af87b3c306,
        type: 3}
      propertyPath: m_LocalRotation.y
      value: -0
      objectReference: {fileID: 0}
    - target: {fileID: 910167180567564966, guid: c382c23091f0980418a079af87b3c306,
        type: 3}
      propertyPath: m_LocalRotation.z
      value: -0
      objectReference: {fileID: 0}
    - target: {fileID: 910167180567564966, guid: c382c23091f0980418a079af87b3c306,
        type: 3}
      propertyPath: m_LocalRotation.w
      value: 1
      objectReference: {fileID: 0}
    - target: {fileID: 910167180567564966, guid: c382c23091f0980418a079af87b3c306,
        type: 3}
      propertyPath: m_RootOrder
      value: 12
      objectReference: {fileID: 0}
    - target: {fileID: 910167180567564966, guid: c382c23091f0980418a079af87b3c306,
        type: 3}
      propertyPath: m_LocalEulerAnglesHint.x
      value: 0
      objectReference: {fileID: 0}
    - target: {fileID: 910167180567564966, guid: c382c23091f0980418a079af87b3c306,
        type: 3}
      propertyPath: m_LocalEulerAnglesHint.y
      value: 0
      objectReference: {fileID: 0}
    - target: {fileID: 910167180567564966, guid: c382c23091f0980418a079af87b3c306,
        type: 3}
      propertyPath: m_LocalEulerAnglesHint.z
      value: 0
      objectReference: {fileID: 0}
    - target: {fileID: 4825951457900733523, guid: c382c23091f0980418a079af87b3c306,
        type: 3}
      propertyPath: m_Materials.Array.data[0]
      value: 
      objectReference: {fileID: 2100000, guid: 1319e1f80b18a1a42a386b5dc2988080, type: 2}
    m_RemovedComponents: []
  m_SourcePrefab: {fileID: 100100000, guid: c382c23091f0980418a079af87b3c306, type: 3}
--- !u!4 &3556558627356610139 stripped
Transform:
  m_CorrespondingSourceObject: {fileID: 910167180567564966, guid: c382c23091f0980418a079af87b3c306,
    type: 3}
  m_PrefabInstance: {fileID: 4466162356451532029}
  m_PrefabAsset: {fileID: 0}
--- !u!1001 &4466162356765816290
PrefabInstance:
  m_ObjectHideFlags: 0
  serializedVersion: 2
  m_Modification:
    m_TransformParent: {fileID: 4466162356159339344}
    m_Modifications:
    - target: {fileID: 8911416257359757521, guid: c382c23091f0980418a079af87b3c306,
        type: 3}
      propertyPath: m_Name
      value: CastleBlock (6)
      objectReference: {fileID: 0}
    - target: {fileID: 910167180567564966, guid: c382c23091f0980418a079af87b3c306,
        type: 3}
      propertyPath: m_LocalPosition.x
      value: 2.5
      objectReference: {fileID: 0}
    - target: {fileID: 910167180567564966, guid: c382c23091f0980418a079af87b3c306,
        type: 3}
      propertyPath: m_LocalPosition.y
      value: 1
      objectReference: {fileID: 0}
    - target: {fileID: 910167180567564966, guid: c382c23091f0980418a079af87b3c306,
        type: 3}
      propertyPath: m_LocalPosition.z
      value: 0
      objectReference: {fileID: 0}
    - target: {fileID: 910167180567564966, guid: c382c23091f0980418a079af87b3c306,
        type: 3}
      propertyPath: m_LocalRotation.x
      value: -0
      objectReference: {fileID: 0}
    - target: {fileID: 910167180567564966, guid: c382c23091f0980418a079af87b3c306,
        type: 3}
      propertyPath: m_LocalRotation.y
      value: -0
      objectReference: {fileID: 0}
    - target: {fileID: 910167180567564966, guid: c382c23091f0980418a079af87b3c306,
        type: 3}
      propertyPath: m_LocalRotation.z
      value: -0
      objectReference: {fileID: 0}
    - target: {fileID: 910167180567564966, guid: c382c23091f0980418a079af87b3c306,
        type: 3}
      propertyPath: m_LocalRotation.w
      value: 1
      objectReference: {fileID: 0}
    - target: {fileID: 910167180567564966, guid: c382c23091f0980418a079af87b3c306,
        type: 3}
      propertyPath: m_RootOrder
      value: 6
      objectReference: {fileID: 0}
    - target: {fileID: 910167180567564966, guid: c382c23091f0980418a079af87b3c306,
        type: 3}
      propertyPath: m_LocalEulerAnglesHint.x
      value: 0
      objectReference: {fileID: 0}
    - target: {fileID: 910167180567564966, guid: c382c23091f0980418a079af87b3c306,
        type: 3}
      propertyPath: m_LocalEulerAnglesHint.y
      value: 0
      objectReference: {fileID: 0}
    - target: {fileID: 910167180567564966, guid: c382c23091f0980418a079af87b3c306,
        type: 3}
      propertyPath: m_LocalEulerAnglesHint.z
      value: 0
      objectReference: {fileID: 0}
    - target: {fileID: 4825951457900733523, guid: c382c23091f0980418a079af87b3c306,
        type: 3}
      propertyPath: m_Materials.Array.data[0]
      value: 
      objectReference: {fileID: 2100000, guid: 1319e1f80b18a1a42a386b5dc2988080, type: 2}
    m_RemovedComponents: []
  m_SourcePrefab: {fileID: 100100000, guid: c382c23091f0980418a079af87b3c306, type: 3}
--- !u!4 &3556558626909693764 stripped
Transform:
  m_CorrespondingSourceObject: {fileID: 910167180567564966, guid: c382c23091f0980418a079af87b3c306,
    type: 3}
  m_PrefabInstance: {fileID: 4466162356765816290}
  m_PrefabAsset: {fileID: 0}
--- !u!1001 &4466162356858692255
PrefabInstance:
  m_ObjectHideFlags: 0
  serializedVersion: 2
  m_Modification:
    m_TransformParent: {fileID: 4466162356159339344}
    m_Modifications:
    - target: {fileID: 8911416257359757521, guid: c382c23091f0980418a079af87b3c306,
        type: 3}
      propertyPath: m_Name
      value: CastleBlock (2)
      objectReference: {fileID: 0}
    - target: {fileID: 910167180567564966, guid: c382c23091f0980418a079af87b3c306,
        type: 3}
      propertyPath: m_LocalPosition.x
      value: -0.5
      objectReference: {fileID: 0}
    - target: {fileID: 910167180567564966, guid: c382c23091f0980418a079af87b3c306,
        type: 3}
      propertyPath: m_LocalPosition.y
      value: 0
      objectReference: {fileID: 0}
    - target: {fileID: 910167180567564966, guid: c382c23091f0980418a079af87b3c306,
        type: 3}
      propertyPath: m_LocalPosition.z
      value: 0
      objectReference: {fileID: 0}
    - target: {fileID: 910167180567564966, guid: c382c23091f0980418a079af87b3c306,
        type: 3}
      propertyPath: m_LocalRotation.x
      value: -0
      objectReference: {fileID: 0}
    - target: {fileID: 910167180567564966, guid: c382c23091f0980418a079af87b3c306,
        type: 3}
      propertyPath: m_LocalRotation.y
      value: -0
      objectReference: {fileID: 0}
    - target: {fileID: 910167180567564966, guid: c382c23091f0980418a079af87b3c306,
        type: 3}
      propertyPath: m_LocalRotation.z
      value: -0
      objectReference: {fileID: 0}
    - target: {fileID: 910167180567564966, guid: c382c23091f0980418a079af87b3c306,
        type: 3}
      propertyPath: m_LocalRotation.w
      value: 1
      objectReference: {fileID: 0}
    - target: {fileID: 910167180567564966, guid: c382c23091f0980418a079af87b3c306,
        type: 3}
      propertyPath: m_RootOrder
      value: 2
      objectReference: {fileID: 0}
    - target: {fileID: 910167180567564966, guid: c382c23091f0980418a079af87b3c306,
        type: 3}
      propertyPath: m_LocalEulerAnglesHint.x
      value: 0
      objectReference: {fileID: 0}
    - target: {fileID: 910167180567564966, guid: c382c23091f0980418a079af87b3c306,
        type: 3}
      propertyPath: m_LocalEulerAnglesHint.y
      value: 0
      objectReference: {fileID: 0}
    - target: {fileID: 910167180567564966, guid: c382c23091f0980418a079af87b3c306,
        type: 3}
      propertyPath: m_LocalEulerAnglesHint.z
      value: 0
      objectReference: {fileID: 0}
    - target: {fileID: 4825951457900733523, guid: c382c23091f0980418a079af87b3c306,
        type: 3}
      propertyPath: m_Materials.Array.data[0]
      value: 
      objectReference: {fileID: 2100000, guid: 1319e1f80b18a1a42a386b5dc2988080, type: 2}
    m_RemovedComponents: []
  m_SourcePrefab: {fileID: 100100000, guid: c382c23091f0980418a079af87b3c306, type: 3}
--- !u!4 &3556558626950377529 stripped
Transform:
  m_CorrespondingSourceObject: {fileID: 910167180567564966, guid: c382c23091f0980418a079af87b3c306,
    type: 3}
  m_PrefabInstance: {fileID: 4466162356858692255}
  m_PrefabAsset: {fileID: 0}
--- !u!1001 &4466162356859979811
PrefabInstance:
  m_ObjectHideFlags: 0
  serializedVersion: 2
  m_Modification:
    m_TransformParent: {fileID: 4466162356159339344}
    m_Modifications:
    - target: {fileID: 8911416257359757521, guid: c382c23091f0980418a079af87b3c306,
        type: 3}
      propertyPath: m_Name
      value: CastleBlock (11)
      objectReference: {fileID: 0}
    - target: {fileID: 910167180567564966, guid: c382c23091f0980418a079af87b3c306,
        type: 3}
      propertyPath: m_LocalPosition.x
      value: -2.5
      objectReference: {fileID: 0}
    - target: {fileID: 910167180567564966, guid: c382c23091f0980418a079af87b3c306,
        type: 3}
      propertyPath: m_LocalPosition.y
      value: 1
      objectReference: {fileID: 0}
    - target: {fileID: 910167180567564966, guid: c382c23091f0980418a079af87b3c306,
        type: 3}
      propertyPath: m_LocalPosition.z
      value: 0
      objectReference: {fileID: 0}
    - target: {fileID: 910167180567564966, guid: c382c23091f0980418a079af87b3c306,
        type: 3}
      propertyPath: m_LocalRotation.x
      value: -0
      objectReference: {fileID: 0}
    - target: {fileID: 910167180567564966, guid: c382c23091f0980418a079af87b3c306,
        type: 3}
      propertyPath: m_LocalRotation.y
      value: -0
      objectReference: {fileID: 0}
    - target: {fileID: 910167180567564966, guid: c382c23091f0980418a079af87b3c306,
        type: 3}
      propertyPath: m_LocalRotation.z
      value: -0
      objectReference: {fileID: 0}
    - target: {fileID: 910167180567564966, guid: c382c23091f0980418a079af87b3c306,
        type: 3}
      propertyPath: m_LocalRotation.w
      value: 1
      objectReference: {fileID: 0}
    - target: {fileID: 910167180567564966, guid: c382c23091f0980418a079af87b3c306,
        type: 3}
      propertyPath: m_RootOrder
      value: 11
      objectReference: {fileID: 0}
    - target: {fileID: 910167180567564966, guid: c382c23091f0980418a079af87b3c306,
        type: 3}
      propertyPath: m_LocalEulerAnglesHint.x
      value: 0
      objectReference: {fileID: 0}
    - target: {fileID: 910167180567564966, guid: c382c23091f0980418a079af87b3c306,
        type: 3}
      propertyPath: m_LocalEulerAnglesHint.y
      value: 0
      objectReference: {fileID: 0}
    - target: {fileID: 910167180567564966, guid: c382c23091f0980418a079af87b3c306,
        type: 3}
      propertyPath: m_LocalEulerAnglesHint.z
      value: 0
      objectReference: {fileID: 0}
    - target: {fileID: 4825951457900733523, guid: c382c23091f0980418a079af87b3c306,
        type: 3}
      propertyPath: m_Materials.Array.data[0]
      value: 
      objectReference: {fileID: 2100000, guid: 1319e1f80b18a1a42a386b5dc2988080, type: 2}
    m_RemovedComponents: []
  m_SourcePrefab: {fileID: 100100000, guid: c382c23091f0980418a079af87b3c306, type: 3}
--- !u!4 &3556558626949601925 stripped
Transform:
  m_CorrespondingSourceObject: {fileID: 910167180567564966, guid: c382c23091f0980418a079af87b3c306,
    type: 3}
  m_PrefabInstance: {fileID: 4466162356859979811}
  m_PrefabAsset: {fileID: 0}
--- !u!1001 &4466162356888735242
PrefabInstance:
  m_ObjectHideFlags: 0
  serializedVersion: 2
  m_Modification:
    m_TransformParent: {fileID: 4466162356159339344}
    m_Modifications:
    - target: {fileID: 8911416257359757521, guid: c382c23091f0980418a079af87b3c306,
        type: 3}
      propertyPath: m_Name
      value: CastleBlock (8)
      objectReference: {fileID: 0}
    - target: {fileID: 910167180567564966, guid: c382c23091f0980418a079af87b3c306,
        type: 3}
      propertyPath: m_LocalPosition.x
      value: 0.5
      objectReference: {fileID: 0}
    - target: {fileID: 910167180567564966, guid: c382c23091f0980418a079af87b3c306,
        type: 3}
      propertyPath: m_LocalPosition.y
      value: 1
      objectReference: {fileID: 0}
    - target: {fileID: 910167180567564966, guid: c382c23091f0980418a079af87b3c306,
        type: 3}
      propertyPath: m_LocalPosition.z
      value: 0
      objectReference: {fileID: 0}
    - target: {fileID: 910167180567564966, guid: c382c23091f0980418a079af87b3c306,
        type: 3}
      propertyPath: m_LocalRotation.x
      value: -0
      objectReference: {fileID: 0}
    - target: {fileID: 910167180567564966, guid: c382c23091f0980418a079af87b3c306,
        type: 3}
      propertyPath: m_LocalRotation.y
      value: -0
      objectReference: {fileID: 0}
    - target: {fileID: 910167180567564966, guid: c382c23091f0980418a079af87b3c306,
        type: 3}
      propertyPath: m_LocalRotation.z
      value: -0
      objectReference: {fileID: 0}
    - target: {fileID: 910167180567564966, guid: c382c23091f0980418a079af87b3c306,
        type: 3}
      propertyPath: m_LocalRotation.w
      value: 1
      objectReference: {fileID: 0}
    - target: {fileID: 910167180567564966, guid: c382c23091f0980418a079af87b3c306,
        type: 3}
      propertyPath: m_RootOrder
      value: 8
      objectReference: {fileID: 0}
    - target: {fileID: 910167180567564966, guid: c382c23091f0980418a079af87b3c306,
        type: 3}
      propertyPath: m_LocalEulerAnglesHint.x
      value: 0
      objectReference: {fileID: 0}
    - target: {fileID: 910167180567564966, guid: c382c23091f0980418a079af87b3c306,
        type: 3}
      propertyPath: m_LocalEulerAnglesHint.y
      value: 0
      objectReference: {fileID: 0}
    - target: {fileID: 910167180567564966, guid: c382c23091f0980418a079af87b3c306,
        type: 3}
      propertyPath: m_LocalEulerAnglesHint.z
      value: 0
      objectReference: {fileID: 0}
    - target: {fileID: 4825951457900733523, guid: c382c23091f0980418a079af87b3c306,
        type: 3}
      propertyPath: m_Materials.Array.data[0]
      value: 
      objectReference: {fileID: 2100000, guid: 1319e1f80b18a1a42a386b5dc2988080, type: 2}
    m_RemovedComponents: []
  m_SourcePrefab: {fileID: 100100000, guid: c382c23091f0980418a079af87b3c306, type: 3}
--- !u!4 &3556558626919406764 stripped
Transform:
  m_CorrespondingSourceObject: {fileID: 910167180567564966, guid: c382c23091f0980418a079af87b3c306,
    type: 3}
  m_PrefabInstance: {fileID: 4466162356888735242}
  m_PrefabAsset: {fileID: 0}
--- !u!1001 &4466162356977515441
PrefabInstance:
  m_ObjectHideFlags: 0
  serializedVersion: 2
  m_Modification:
    m_TransformParent: {fileID: 4466162356159339344}
    m_Modifications:
    - target: {fileID: 8911416257359757521, guid: c382c23091f0980418a079af87b3c306,
        type: 3}
      propertyPath: m_Name
      value: CastleBlock (15)
      objectReference: {fileID: 0}
    - target: {fileID: 910167180567564966, guid: c382c23091f0980418a079af87b3c306,
        type: 3}
      propertyPath: m_LocalPosition.x
      value: 0.5
      objectReference: {fileID: 0}
    - target: {fileID: 910167180567564966, guid: c382c23091f0980418a079af87b3c306,
        type: 3}
      propertyPath: m_LocalPosition.y
      value: 2
      objectReference: {fileID: 0}
    - target: {fileID: 910167180567564966, guid: c382c23091f0980418a079af87b3c306,
        type: 3}
      propertyPath: m_LocalPosition.z
      value: 0
      objectReference: {fileID: 0}
    - target: {fileID: 910167180567564966, guid: c382c23091f0980418a079af87b3c306,
        type: 3}
      propertyPath: m_LocalRotation.x
      value: -0
      objectReference: {fileID: 0}
    - target: {fileID: 910167180567564966, guid: c382c23091f0980418a079af87b3c306,
        type: 3}
      propertyPath: m_LocalRotation.y
      value: -0
      objectReference: {fileID: 0}
    - target: {fileID: 910167180567564966, guid: c382c23091f0980418a079af87b3c306,
        type: 3}
      propertyPath: m_LocalRotation.z
      value: -0
      objectReference: {fileID: 0}
    - target: {fileID: 910167180567564966, guid: c382c23091f0980418a079af87b3c306,
        type: 3}
      propertyPath: m_LocalRotation.w
      value: 1
      objectReference: {fileID: 0}
    - target: {fileID: 910167180567564966, guid: c382c23091f0980418a079af87b3c306,
        type: 3}
      propertyPath: m_RootOrder
      value: 15
      objectReference: {fileID: 0}
    - target: {fileID: 910167180567564966, guid: c382c23091f0980418a079af87b3c306,
        type: 3}
      propertyPath: m_LocalEulerAnglesHint.x
      value: 0
      objectReference: {fileID: 0}
    - target: {fileID: 910167180567564966, guid: c382c23091f0980418a079af87b3c306,
        type: 3}
      propertyPath: m_LocalEulerAnglesHint.y
      value: 0
      objectReference: {fileID: 0}
    - target: {fileID: 910167180567564966, guid: c382c23091f0980418a079af87b3c306,
        type: 3}
      propertyPath: m_LocalEulerAnglesHint.z
      value: 0
      objectReference: {fileID: 0}
    - target: {fileID: 4825951457900733523, guid: c382c23091f0980418a079af87b3c306,
        type: 3}
      propertyPath: m_Materials.Array.data[0]
      value: 
      objectReference: {fileID: 2100000, guid: 1319e1f80b18a1a42a386b5dc2988080, type: 2}
    m_RemovedComponents: []
  m_SourcePrefab: {fileID: 100100000, guid: c382c23091f0980418a079af87b3c306, type: 3}
--- !u!4 &3556558626832214295 stripped
Transform:
  m_CorrespondingSourceObject: {fileID: 910167180567564966, guid: c382c23091f0980418a079af87b3c306,
    type: 3}
  m_PrefabInstance: {fileID: 4466162356977515441}
  m_PrefabAsset: {fileID: 0}
--- !u!1001 &4466162357098595386
PrefabInstance:
  m_ObjectHideFlags: 0
  serializedVersion: 2
  m_Modification:
    m_TransformParent: {fileID: 4466162356159339344}
    m_Modifications:
    - target: {fileID: 8911416257359757521, guid: c382c23091f0980418a079af87b3c306,
        type: 3}
      propertyPath: m_Name
      value: CastleBlock (25)
      objectReference: {fileID: 0}
    - target: {fileID: 910167180567564966, guid: c382c23091f0980418a079af87b3c306,
        type: 3}
      propertyPath: m_LocalPosition.x
      value: -0.5
      objectReference: {fileID: 0}
    - target: {fileID: 910167180567564966, guid: c382c23091f0980418a079af87b3c306,
        type: 3}
      propertyPath: m_LocalPosition.y
      value: 4
      objectReference: {fileID: 0}
    - target: {fileID: 910167180567564966, guid: c382c23091f0980418a079af87b3c306,
        type: 3}
      propertyPath: m_LocalPosition.z
      value: 0
      objectReference: {fileID: 0}
    - target: {fileID: 910167180567564966, guid: c382c23091f0980418a079af87b3c306,
        type: 3}
      propertyPath: m_LocalRotation.x
      value: -0
      objectReference: {fileID: 0}
    - target: {fileID: 910167180567564966, guid: c382c23091f0980418a079af87b3c306,
        type: 3}
      propertyPath: m_LocalRotation.y
      value: -0
      objectReference: {fileID: 0}
    - target: {fileID: 910167180567564966, guid: c382c23091f0980418a079af87b3c306,
        type: 3}
      propertyPath: m_LocalRotation.z
      value: -0
      objectReference: {fileID: 0}
    - target: {fileID: 910167180567564966, guid: c382c23091f0980418a079af87b3c306,
        type: 3}
      propertyPath: m_LocalRotation.w
      value: 1
      objectReference: {fileID: 0}
    - target: {fileID: 910167180567564966, guid: c382c23091f0980418a079af87b3c306,
        type: 3}
      propertyPath: m_RootOrder
      value: 25
      objectReference: {fileID: 0}
    - target: {fileID: 910167180567564966, guid: c382c23091f0980418a079af87b3c306,
        type: 3}
      propertyPath: m_LocalEulerAnglesHint.x
      value: 0
      objectReference: {fileID: 0}
    - target: {fileID: 910167180567564966, guid: c382c23091f0980418a079af87b3c306,
        type: 3}
      propertyPath: m_LocalEulerAnglesHint.y
      value: 0
      objectReference: {fileID: 0}
    - target: {fileID: 910167180567564966, guid: c382c23091f0980418a079af87b3c306,
        type: 3}
      propertyPath: m_LocalEulerAnglesHint.z
      value: 0
      objectReference: {fileID: 0}
    - target: {fileID: 4825951457900733523, guid: c382c23091f0980418a079af87b3c306,
        type: 3}
      propertyPath: m_Materials.Array.data[0]
      value: 
      objectReference: {fileID: 2100000, guid: 1319e1f80b18a1a42a386b5dc2988080, type: 2}
    m_RemovedComponents: []
  m_SourcePrefab: {fileID: 100100000, guid: c382c23091f0980418a079af87b3c306, type: 3}
--- !u!4 &3556558626710066844 stripped
Transform:
  m_CorrespondingSourceObject: {fileID: 910167180567564966, guid: c382c23091f0980418a079af87b3c306,
    type: 3}
  m_PrefabInstance: {fileID: 4466162357098595386}
  m_PrefabAsset: {fileID: 0}
--- !u!1001 &4466162357137547093
PrefabInstance:
  m_ObjectHideFlags: 0
  serializedVersion: 2
  m_Modification:
    m_TransformParent: {fileID: 4466162356159339344}
    m_Modifications:
    - target: {fileID: 8911416257359757521, guid: c382c23091f0980418a079af87b3c306,
        type: 3}
      propertyPath: m_Name
      value: CastleBlock (7)
      objectReference: {fileID: 0}
    - target: {fileID: 910167180567564966, guid: c382c23091f0980418a079af87b3c306,
        type: 3}
      propertyPath: m_LocalPosition.x
      value: 1.5
      objectReference: {fileID: 0}
    - target: {fileID: 910167180567564966, guid: c382c23091f0980418a079af87b3c306,
        type: 3}
      propertyPath: m_LocalPosition.y
      value: 1
      objectReference: {fileID: 0}
    - target: {fileID: 910167180567564966, guid: c382c23091f0980418a079af87b3c306,
        type: 3}
      propertyPath: m_LocalPosition.z
      value: 0
      objectReference: {fileID: 0}
    - target: {fileID: 910167180567564966, guid: c382c23091f0980418a079af87b3c306,
        type: 3}
      propertyPath: m_LocalRotation.x
      value: -0
      objectReference: {fileID: 0}
    - target: {fileID: 910167180567564966, guid: c382c23091f0980418a079af87b3c306,
        type: 3}
      propertyPath: m_LocalRotation.y
      value: -0
      objectReference: {fileID: 0}
    - target: {fileID: 910167180567564966, guid: c382c23091f0980418a079af87b3c306,
        type: 3}
      propertyPath: m_LocalRotation.z
      value: -0
      objectReference: {fileID: 0}
    - target: {fileID: 910167180567564966, guid: c382c23091f0980418a079af87b3c306,
        type: 3}
      propertyPath: m_LocalRotation.w
      value: 1
      objectReference: {fileID: 0}
    - target: {fileID: 910167180567564966, guid: c382c23091f0980418a079af87b3c306,
        type: 3}
      propertyPath: m_RootOrder
      value: 7
      objectReference: {fileID: 0}
    - target: {fileID: 910167180567564966, guid: c382c23091f0980418a079af87b3c306,
        type: 3}
      propertyPath: m_LocalEulerAnglesHint.x
      value: 0
      objectReference: {fileID: 0}
    - target: {fileID: 910167180567564966, guid: c382c23091f0980418a079af87b3c306,
        type: 3}
      propertyPath: m_LocalEulerAnglesHint.y
      value: 0
      objectReference: {fileID: 0}
    - target: {fileID: 910167180567564966, guid: c382c23091f0980418a079af87b3c306,
        type: 3}
      propertyPath: m_LocalEulerAnglesHint.z
      value: 0
      objectReference: {fileID: 0}
    - target: {fileID: 4825951457900733523, guid: c382c23091f0980418a079af87b3c306,
        type: 3}
      propertyPath: m_Materials.Array.data[0]
      value: 
      objectReference: {fileID: 2100000, guid: 1319e1f80b18a1a42a386b5dc2988080, type: 2}
    m_RemovedComponents: []
  m_SourcePrefab: {fileID: 100100000, guid: c382c23091f0980418a079af87b3c306, type: 3}
--- !u!4 &3556558626671119859 stripped
Transform:
  m_CorrespondingSourceObject: {fileID: 910167180567564966, guid: c382c23091f0980418a079af87b3c306,
    type: 3}
  m_PrefabInstance: {fileID: 4466162357137547093}
  m_PrefabAsset: {fileID: 0}
--- !u!1001 &4466162357205553966
PrefabInstance:
  m_ObjectHideFlags: 0
  serializedVersion: 2
  m_Modification:
    m_TransformParent: {fileID: 4466162356159339344}
    m_Modifications:
    - target: {fileID: 8911416257359757521, guid: c382c23091f0980418a079af87b3c306,
        type: 3}
      propertyPath: m_Name
      value: CastleBlock (10)
      objectReference: {fileID: 0}
    - target: {fileID: 910167180567564966, guid: c382c23091f0980418a079af87b3c306,
        type: 3}
      propertyPath: m_LocalPosition.x
      value: -1.5
      objectReference: {fileID: 0}
    - target: {fileID: 910167180567564966, guid: c382c23091f0980418a079af87b3c306,
        type: 3}
      propertyPath: m_LocalPosition.y
      value: 1
      objectReference: {fileID: 0}
    - target: {fileID: 910167180567564966, guid: c382c23091f0980418a079af87b3c306,
        type: 3}
      propertyPath: m_LocalPosition.z
      value: 0
      objectReference: {fileID: 0}
    - target: {fileID: 910167180567564966, guid: c382c23091f0980418a079af87b3c306,
        type: 3}
      propertyPath: m_LocalRotation.x
      value: -0
      objectReference: {fileID: 0}
    - target: {fileID: 910167180567564966, guid: c382c23091f0980418a079af87b3c306,
        type: 3}
      propertyPath: m_LocalRotation.y
      value: -0
      objectReference: {fileID: 0}
    - target: {fileID: 910167180567564966, guid: c382c23091f0980418a079af87b3c306,
        type: 3}
      propertyPath: m_LocalRotation.z
      value: -0
      objectReference: {fileID: 0}
    - target: {fileID: 910167180567564966, guid: c382c23091f0980418a079af87b3c306,
        type: 3}
      propertyPath: m_LocalRotation.w
      value: 1
      objectReference: {fileID: 0}
    - target: {fileID: 910167180567564966, guid: c382c23091f0980418a079af87b3c306,
        type: 3}
      propertyPath: m_RootOrder
      value: 10
      objectReference: {fileID: 0}
    - target: {fileID: 910167180567564966, guid: c382c23091f0980418a079af87b3c306,
        type: 3}
      propertyPath: m_LocalEulerAnglesHint.x
      value: 0
      objectReference: {fileID: 0}
    - target: {fileID: 910167180567564966, guid: c382c23091f0980418a079af87b3c306,
        type: 3}
      propertyPath: m_LocalEulerAnglesHint.y
      value: 0
      objectReference: {fileID: 0}
    - target: {fileID: 910167180567564966, guid: c382c23091f0980418a079af87b3c306,
        type: 3}
      propertyPath: m_LocalEulerAnglesHint.z
      value: 0
      objectReference: {fileID: 0}
    - target: {fileID: 4825951457900733523, guid: c382c23091f0980418a079af87b3c306,
        type: 3}
      propertyPath: m_Materials.Array.data[0]
      value: 
      objectReference: {fileID: 2100000, guid: 1319e1f80b18a1a42a386b5dc2988080, type: 2}
    m_RemovedComponents: []
  m_SourcePrefab: {fileID: 100100000, guid: c382c23091f0980418a079af87b3c306, type: 3}
--- !u!4 &3556558626468888968 stripped
Transform:
  m_CorrespondingSourceObject: {fileID: 910167180567564966, guid: c382c23091f0980418a079af87b3c306,
    type: 3}
  m_PrefabInstance: {fileID: 4466162357205553966}
  m_PrefabAsset: {fileID: 0}
--- !u!1001 &4466162357276108436
PrefabInstance:
  m_ObjectHideFlags: 0
  serializedVersion: 2
  m_Modification:
    m_TransformParent: {fileID: 4466162356159339344}
    m_Modifications:
    - target: {fileID: 8911416257359757521, guid: c382c23091f0980418a079af87b3c306,
        type: 3}
      propertyPath: m_Name
      value: CastleBlock (23)
      objectReference: {fileID: 0}
    - target: {fileID: 910167180567564966, guid: c382c23091f0980418a079af87b3c306,
        type: 3}
      propertyPath: m_LocalPosition.x
      value: -2.5
      objectReference: {fileID: 0}
    - target: {fileID: 910167180567564966, guid: c382c23091f0980418a079af87b3c306,
        type: 3}
      propertyPath: m_LocalPosition.y
      value: 3
      objectReference: {fileID: 0}
    - target: {fileID: 910167180567564966, guid: c382c23091f0980418a079af87b3c306,
        type: 3}
      propertyPath: m_LocalPosition.z
      value: 0
      objectReference: {fileID: 0}
    - target: {fileID: 910167180567564966, guid: c382c23091f0980418a079af87b3c306,
        type: 3}
      propertyPath: m_LocalRotation.x
      value: -0
      objectReference: {fileID: 0}
    - target: {fileID: 910167180567564966, guid: c382c23091f0980418a079af87b3c306,
        type: 3}
      propertyPath: m_LocalRotation.y
      value: -0
      objectReference: {fileID: 0}
    - target: {fileID: 910167180567564966, guid: c382c23091f0980418a079af87b3c306,
        type: 3}
      propertyPath: m_LocalRotation.z
      value: -0
      objectReference: {fileID: 0}
    - target: {fileID: 910167180567564966, guid: c382c23091f0980418a079af87b3c306,
        type: 3}
      propertyPath: m_LocalRotation.w
      value: 1
      objectReference: {fileID: 0}
    - target: {fileID: 910167180567564966, guid: c382c23091f0980418a079af87b3c306,
        type: 3}
      propertyPath: m_RootOrder
      value: 23
      objectReference: {fileID: 0}
    - target: {fileID: 910167180567564966, guid: c382c23091f0980418a079af87b3c306,
        type: 3}
      propertyPath: m_LocalEulerAnglesHint.x
      value: 0
      objectReference: {fileID: 0}
    - target: {fileID: 910167180567564966, guid: c382c23091f0980418a079af87b3c306,
        type: 3}
      propertyPath: m_LocalEulerAnglesHint.y
      value: 0
      objectReference: {fileID: 0}
    - target: {fileID: 910167180567564966, guid: c382c23091f0980418a079af87b3c306,
        type: 3}
      propertyPath: m_LocalEulerAnglesHint.z
      value: 0
      objectReference: {fileID: 0}
    - target: {fileID: 4825951457900733523, guid: c382c23091f0980418a079af87b3c306,
        type: 3}
      propertyPath: m_Materials.Array.data[0]
      value: 
      objectReference: {fileID: 2100000, guid: 1319e1f80b18a1a42a386b5dc2988080, type: 2}
    m_RemovedComponents: []
  m_SourcePrefab: {fileID: 100100000, guid: c382c23091f0980418a079af87b3c306, type: 3}
--- !u!4 &3556558626533094450 stripped
Transform:
  m_CorrespondingSourceObject: {fileID: 910167180567564966, guid: c382c23091f0980418a079af87b3c306,
    type: 3}
  m_PrefabInstance: {fileID: 4466162357276108436}
  m_PrefabAsset: {fileID: 0}
--- !u!1001 &4466162357299872783
PrefabInstance:
  m_ObjectHideFlags: 0
  serializedVersion: 2
  m_Modification:
    m_TransformParent: {fileID: 4466162356159339344}
    m_Modifications:
    - target: {fileID: 8911416257359757521, guid: c382c23091f0980418a079af87b3c306,
        type: 3}
      propertyPath: m_Name
      value: CastleBlock (17)
      objectReference: {fileID: 0}
    - target: {fileID: 910167180567564966, guid: c382c23091f0980418a079af87b3c306,
        type: 3}
      propertyPath: m_LocalPosition.x
      value: 2.5
      objectReference: {fileID: 0}
    - target: {fileID: 910167180567564966, guid: c382c23091f0980418a079af87b3c306,
        type: 3}
      propertyPath: m_LocalPosition.y
      value: 2
      objectReference: {fileID: 0}
    - target: {fileID: 910167180567564966, guid: c382c23091f0980418a079af87b3c306,
        type: 3}
      propertyPath: m_LocalPosition.z
      value: 0
      objectReference: {fileID: 0}
    - target: {fileID: 910167180567564966, guid: c382c23091f0980418a079af87b3c306,
        type: 3}
      propertyPath: m_LocalRotation.x
      value: -0
      objectReference: {fileID: 0}
    - target: {fileID: 910167180567564966, guid: c382c23091f0980418a079af87b3c306,
        type: 3}
      propertyPath: m_LocalRotation.y
      value: -0
      objectReference: {fileID: 0}
    - target: {fileID: 910167180567564966, guid: c382c23091f0980418a079af87b3c306,
        type: 3}
      propertyPath: m_LocalRotation.z
      value: -0
      objectReference: {fileID: 0}
    - target: {fileID: 910167180567564966, guid: c382c23091f0980418a079af87b3c306,
        type: 3}
      propertyPath: m_LocalRotation.w
      value: 1
      objectReference: {fileID: 0}
    - target: {fileID: 910167180567564966, guid: c382c23091f0980418a079af87b3c306,
        type: 3}
      propertyPath: m_RootOrder
      value: 17
      objectReference: {fileID: 0}
    - target: {fileID: 910167180567564966, guid: c382c23091f0980418a079af87b3c306,
        type: 3}
      propertyPath: m_LocalEulerAnglesHint.x
      value: 0
      objectReference: {fileID: 0}
    - target: {fileID: 910167180567564966, guid: c382c23091f0980418a079af87b3c306,
        type: 3}
      propertyPath: m_LocalEulerAnglesHint.y
      value: 0
      objectReference: {fileID: 0}
    - target: {fileID: 910167180567564966, guid: c382c23091f0980418a079af87b3c306,
        type: 3}
      propertyPath: m_LocalEulerAnglesHint.z
      value: 0
      objectReference: {fileID: 0}
    - target: {fileID: 4825951457900733523, guid: c382c23091f0980418a079af87b3c306,
        type: 3}
      propertyPath: m_Materials.Array.data[0]
      value: 
      objectReference: {fileID: 2100000, guid: 1319e1f80b18a1a42a386b5dc2988080, type: 2}
    m_RemovedComponents: []
  m_SourcePrefab: {fileID: 100100000, guid: c382c23091f0980418a079af87b3c306, type: 3}
--- !u!4 &3556558626374440617 stripped
Transform:
  m_CorrespondingSourceObject: {fileID: 910167180567564966, guid: c382c23091f0980418a079af87b3c306,
    type: 3}
  m_PrefabInstance: {fileID: 4466162357299872783}
  m_PrefabAsset: {fileID: 0}
--- !u!1001 &4466162357301465529
PrefabInstance:
  m_ObjectHideFlags: 0
  serializedVersion: 2
  m_Modification:
    m_TransformParent: {fileID: 4466162356159339344}
    m_Modifications:
    - target: {fileID: 8911416257359757521, guid: c382c23091f0980418a079af87b3c306,
        type: 3}
      propertyPath: m_Name
      value: CastleBlock (16)
      objectReference: {fileID: 0}
    - target: {fileID: 910167180567564966, guid: c382c23091f0980418a079af87b3c306,
        type: 3}
      propertyPath: m_LocalPosition.x
      value: 1.5
      objectReference: {fileID: 0}
    - target: {fileID: 910167180567564966, guid: c382c23091f0980418a079af87b3c306,
        type: 3}
      propertyPath: m_LocalPosition.y
      value: 2
      objectReference: {fileID: 0}
    - target: {fileID: 910167180567564966, guid: c382c23091f0980418a079af87b3c306,
        type: 3}
      propertyPath: m_LocalPosition.z
      value: 0
      objectReference: {fileID: 0}
    - target: {fileID: 910167180567564966, guid: c382c23091f0980418a079af87b3c306,
        type: 3}
      propertyPath: m_LocalRotation.x
      value: -0
      objectReference: {fileID: 0}
    - target: {fileID: 910167180567564966, guid: c382c23091f0980418a079af87b3c306,
        type: 3}
      propertyPath: m_LocalRotation.y
      value: -0
      objectReference: {fileID: 0}
    - target: {fileID: 910167180567564966, guid: c382c23091f0980418a079af87b3c306,
        type: 3}
      propertyPath: m_LocalRotation.z
      value: -0
      objectReference: {fileID: 0}
    - target: {fileID: 910167180567564966, guid: c382c23091f0980418a079af87b3c306,
        type: 3}
      propertyPath: m_LocalRotation.w
      value: 1
      objectReference: {fileID: 0}
    - target: {fileID: 910167180567564966, guid: c382c23091f0980418a079af87b3c306,
        type: 3}
      propertyPath: m_RootOrder
      value: 16
      objectReference: {fileID: 0}
    - target: {fileID: 910167180567564966, guid: c382c23091f0980418a079af87b3c306,
        type: 3}
      propertyPath: m_LocalEulerAnglesHint.x
      value: 0
      objectReference: {fileID: 0}
    - target: {fileID: 910167180567564966, guid: c382c23091f0980418a079af87b3c306,
        type: 3}
      propertyPath: m_LocalEulerAnglesHint.y
      value: 0
      objectReference: {fileID: 0}
    - target: {fileID: 910167180567564966, guid: c382c23091f0980418a079af87b3c306,
        type: 3}
      propertyPath: m_LocalEulerAnglesHint.z
      value: 0
      objectReference: {fileID: 0}
    - target: {fileID: 4825951457900733523, guid: c382c23091f0980418a079af87b3c306,
        type: 3}
      propertyPath: m_Materials.Array.data[0]
      value: 
      objectReference: {fileID: 2100000, guid: 1319e1f80b18a1a42a386b5dc2988080, type: 2}
    m_RemovedComponents: []
  m_SourcePrefab: {fileID: 100100000, guid: c382c23091f0980418a079af87b3c306, type: 3}
--- !u!4 &3556558626373894943 stripped
Transform:
  m_CorrespondingSourceObject: {fileID: 910167180567564966, guid: c382c23091f0980418a079af87b3c306,
    type: 3}
  m_PrefabInstance: {fileID: 4466162357301465529}
  m_PrefabAsset: {fileID: 0}
--- !u!1001 &4466162357331778635
PrefabInstance:
  m_ObjectHideFlags: 0
  serializedVersion: 2
  m_Modification:
    m_TransformParent: {fileID: 4466162356159339344}
    m_Modifications:
    - target: {fileID: 8911416257359757521, guid: c382c23091f0980418a079af87b3c306,
        type: 3}
      propertyPath: m_Name
      value: CastleBlock (3)
      objectReference: {fileID: 0}
    - target: {fileID: 910167180567564966, guid: c382c23091f0980418a079af87b3c306,
        type: 3}
      propertyPath: m_LocalPosition.x
      value: 0.5
      objectReference: {fileID: 0}
    - target: {fileID: 910167180567564966, guid: c382c23091f0980418a079af87b3c306,
        type: 3}
      propertyPath: m_LocalPosition.y
      value: 0
      objectReference: {fileID: 0}
    - target: {fileID: 910167180567564966, guid: c382c23091f0980418a079af87b3c306,
        type: 3}
      propertyPath: m_LocalPosition.z
      value: 0
      objectReference: {fileID: 0}
    - target: {fileID: 910167180567564966, guid: c382c23091f0980418a079af87b3c306,
        type: 3}
      propertyPath: m_LocalRotation.x
      value: -0
      objectReference: {fileID: 0}
    - target: {fileID: 910167180567564966, guid: c382c23091f0980418a079af87b3c306,
        type: 3}
      propertyPath: m_LocalRotation.y
      value: -0
      objectReference: {fileID: 0}
    - target: {fileID: 910167180567564966, guid: c382c23091f0980418a079af87b3c306,
        type: 3}
      propertyPath: m_LocalRotation.z
      value: -0
      objectReference: {fileID: 0}
    - target: {fileID: 910167180567564966, guid: c382c23091f0980418a079af87b3c306,
        type: 3}
      propertyPath: m_LocalRotation.w
      value: 1
      objectReference: {fileID: 0}
    - target: {fileID: 910167180567564966, guid: c382c23091f0980418a079af87b3c306,
        type: 3}
      propertyPath: m_RootOrder
      value: 3
      objectReference: {fileID: 0}
    - target: {fileID: 910167180567564966, guid: c382c23091f0980418a079af87b3c306,
        type: 3}
      propertyPath: m_LocalEulerAnglesHint.x
      value: 0
      objectReference: {fileID: 0}
    - target: {fileID: 910167180567564966, guid: c382c23091f0980418a079af87b3c306,
        type: 3}
      propertyPath: m_LocalEulerAnglesHint.y
      value: 0
      objectReference: {fileID: 0}
    - target: {fileID: 910167180567564966, guid: c382c23091f0980418a079af87b3c306,
        type: 3}
      propertyPath: m_LocalEulerAnglesHint.z
      value: 0
      objectReference: {fileID: 0}
    - target: {fileID: 4825951457900733523, guid: c382c23091f0980418a079af87b3c306,
        type: 3}
      propertyPath: m_Materials.Array.data[0]
      value: 
      objectReference: {fileID: 2100000, guid: 1319e1f80b18a1a42a386b5dc2988080, type: 2}
    m_RemovedComponents: []
  m_SourcePrefab: {fileID: 100100000, guid: c382c23091f0980418a079af87b3c306, type: 3}
--- !u!4 &3556558626343194349 stripped
Transform:
  m_CorrespondingSourceObject: {fileID: 910167180567564966, guid: c382c23091f0980418a079af87b3c306,
    type: 3}
  m_PrefabInstance: {fileID: 4466162357331778635}
  m_PrefabAsset: {fileID: 0}
--- !u!1001 &4466162357452718725
PrefabInstance:
  m_ObjectHideFlags: 0
  serializedVersion: 2
  m_Modification:
    m_TransformParent: {fileID: 4466162356159339344}
    m_Modifications:
    - target: {fileID: 8911416257359757521, guid: c382c23091f0980418a079af87b3c306,
        type: 3}
      propertyPath: m_Name
      value: CastleBlock (22)
      objectReference: {fileID: 0}
    - target: {fileID: 910167180567564966, guid: c382c23091f0980418a079af87b3c306,
        type: 3}
      propertyPath: m_LocalPosition.x
      value: -1.5
      objectReference: {fileID: 0}
    - target: {fileID: 910167180567564966, guid: c382c23091f0980418a079af87b3c306,
        type: 3}
      propertyPath: m_LocalPosition.y
      value: 3
      objectReference: {fileID: 0}
    - target: {fileID: 910167180567564966, guid: c382c23091f0980418a079af87b3c306,
        type: 3}
      propertyPath: m_LocalPosition.z
      value: 0
      objectReference: {fileID: 0}
    - target: {fileID: 910167180567564966, guid: c382c23091f0980418a079af87b3c306,
        type: 3}
      propertyPath: m_LocalRotation.x
      value: -0
      objectReference: {fileID: 0}
    - target: {fileID: 910167180567564966, guid: c382c23091f0980418a079af87b3c306,
        type: 3}
      propertyPath: m_LocalRotation.y
      value: -0
      objectReference: {fileID: 0}
    - target: {fileID: 910167180567564966, guid: c382c23091f0980418a079af87b3c306,
        type: 3}
      propertyPath: m_LocalRotation.z
      value: -0
      objectReference: {fileID: 0}
    - target: {fileID: 910167180567564966, guid: c382c23091f0980418a079af87b3c306,
        type: 3}
      propertyPath: m_LocalRotation.w
      value: 1
      objectReference: {fileID: 0}
    - target: {fileID: 910167180567564966, guid: c382c23091f0980418a079af87b3c306,
        type: 3}
      propertyPath: m_RootOrder
      value: 22
      objectReference: {fileID: 0}
    - target: {fileID: 910167180567564966, guid: c382c23091f0980418a079af87b3c306,
        type: 3}
      propertyPath: m_LocalEulerAnglesHint.x
      value: 0
      objectReference: {fileID: 0}
    - target: {fileID: 910167180567564966, guid: c382c23091f0980418a079af87b3c306,
        type: 3}
      propertyPath: m_LocalEulerAnglesHint.y
      value: 0
      objectReference: {fileID: 0}
    - target: {fileID: 910167180567564966, guid: c382c23091f0980418a079af87b3c306,
        type: 3}
      propertyPath: m_LocalEulerAnglesHint.z
      value: 0
      objectReference: {fileID: 0}
    - target: {fileID: 4825951457900733523, guid: c382c23091f0980418a079af87b3c306,
        type: 3}
      propertyPath: m_Materials.Array.data[0]
      value: 
      objectReference: {fileID: 2100000, guid: 1319e1f80b18a1a42a386b5dc2988080, type: 2}
    m_RemovedComponents: []
  m_SourcePrefab: {fileID: 100100000, guid: c382c23091f0980418a079af87b3c306, type: 3}
--- !u!4 &3556558626221068323 stripped
Transform:
  m_CorrespondingSourceObject: {fileID: 910167180567564966, guid: c382c23091f0980418a079af87b3c306,
    type: 3}
  m_PrefabInstance: {fileID: 4466162357452718725}
  m_PrefabAsset: {fileID: 0}
--- !u!1001 &4466162357514342783
PrefabInstance:
  m_ObjectHideFlags: 0
  serializedVersion: 2
  m_Modification:
    m_TransformParent: {fileID: 4466162356159339344}
    m_Modifications:
    - target: {fileID: 8911416257359757521, guid: c382c23091f0980418a079af87b3c306,
        type: 3}
      propertyPath: m_Name
      value: CastleBlock (5)
      objectReference: {fileID: 0}
    - target: {fileID: 910167180567564966, guid: c382c23091f0980418a079af87b3c306,
        type: 3}
      propertyPath: m_LocalPosition.x
      value: 2.5
      objectReference: {fileID: 0}
    - target: {fileID: 910167180567564966, guid: c382c23091f0980418a079af87b3c306,
        type: 3}
      propertyPath: m_LocalPosition.y
      value: 0
      objectReference: {fileID: 0}
    - target: {fileID: 910167180567564966, guid: c382c23091f0980418a079af87b3c306,
        type: 3}
      propertyPath: m_LocalPosition.z
      value: 0
      objectReference: {fileID: 0}
    - target: {fileID: 910167180567564966, guid: c382c23091f0980418a079af87b3c306,
        type: 3}
      propertyPath: m_LocalRotation.x
      value: -0
      objectReference: {fileID: 0}
    - target: {fileID: 910167180567564966, guid: c382c23091f0980418a079af87b3c306,
        type: 3}
      propertyPath: m_LocalRotation.y
      value: -0
      objectReference: {fileID: 0}
    - target: {fileID: 910167180567564966, guid: c382c23091f0980418a079af87b3c306,
        type: 3}
      propertyPath: m_LocalRotation.z
      value: -0
      objectReference: {fileID: 0}
    - target: {fileID: 910167180567564966, guid: c382c23091f0980418a079af87b3c306,
        type: 3}
      propertyPath: m_LocalRotation.w
      value: 1
      objectReference: {fileID: 0}
    - target: {fileID: 910167180567564966, guid: c382c23091f0980418a079af87b3c306,
        type: 3}
      propertyPath: m_RootOrder
      value: 5
      objectReference: {fileID: 0}
    - target: {fileID: 910167180567564966, guid: c382c23091f0980418a079af87b3c306,
        type: 3}
      propertyPath: m_LocalEulerAnglesHint.x
      value: 0
      objectReference: {fileID: 0}
    - target: {fileID: 910167180567564966, guid: c382c23091f0980418a079af87b3c306,
        type: 3}
      propertyPath: m_LocalEulerAnglesHint.y
      value: 0
      objectReference: {fileID: 0}
    - target: {fileID: 910167180567564966, guid: c382c23091f0980418a079af87b3c306,
        type: 3}
      propertyPath: m_LocalEulerAnglesHint.z
      value: 0
      objectReference: {fileID: 0}
    - target: {fileID: 4825951457900733523, guid: c382c23091f0980418a079af87b3c306,
        type: 3}
      propertyPath: m_Materials.Array.data[0]
      value: 
      objectReference: {fileID: 2100000, guid: 1319e1f80b18a1a42a386b5dc2988080, type: 2}
    m_RemovedComponents: []
  m_SourcePrefab: {fileID: 100100000, guid: c382c23091f0980418a079af87b3c306, type: 3}
--- !u!4 &3556558626295366617 stripped
Transform:
  m_CorrespondingSourceObject: {fileID: 910167180567564966, guid: c382c23091f0980418a079af87b3c306,
    type: 3}
  m_PrefabInstance: {fileID: 4466162357514342783}
  m_PrefabAsset: {fileID: 0}
--- !u!1001 &4466162357645958245
PrefabInstance:
  m_ObjectHideFlags: 0
  serializedVersion: 2
  m_Modification:
    m_TransformParent: {fileID: 4466162356159339344}
    m_Modifications:
    - target: {fileID: 8911416257359757521, guid: c382c23091f0980418a079af87b3c306,
        type: 3}
      propertyPath: m_Name
      value: CastleBlock (14)
      objectReference: {fileID: 0}
    - target: {fileID: 910167180567564966, guid: c382c23091f0980418a079af87b3c306,
        type: 3}
      propertyPath: m_LocalPosition.x
      value: -0.5
      objectReference: {fileID: 0}
    - target: {fileID: 910167180567564966, guid: c382c23091f0980418a079af87b3c306,
        type: 3}
      propertyPath: m_LocalPosition.y
      value: 2
      objectReference: {fileID: 0}
    - target: {fileID: 910167180567564966, guid: c382c23091f0980418a079af87b3c306,
        type: 3}
      propertyPath: m_LocalPosition.z
      value: 0
      objectReference: {fileID: 0}
    - target: {fileID: 910167180567564966, guid: c382c23091f0980418a079af87b3c306,
        type: 3}
      propertyPath: m_LocalRotation.x
      value: -0
      objectReference: {fileID: 0}
    - target: {fileID: 910167180567564966, guid: c382c23091f0980418a079af87b3c306,
        type: 3}
      propertyPath: m_LocalRotation.y
      value: -0
      objectReference: {fileID: 0}
    - target: {fileID: 910167180567564966, guid: c382c23091f0980418a079af87b3c306,
        type: 3}
      propertyPath: m_LocalRotation.z
      value: -0
      objectReference: {fileID: 0}
    - target: {fileID: 910167180567564966, guid: c382c23091f0980418a079af87b3c306,
        type: 3}
      propertyPath: m_LocalRotation.w
      value: 1
      objectReference: {fileID: 0}
    - target: {fileID: 910167180567564966, guid: c382c23091f0980418a079af87b3c306,
        type: 3}
      propertyPath: m_RootOrder
      value: 14
      objectReference: {fileID: 0}
    - target: {fileID: 910167180567564966, guid: c382c23091f0980418a079af87b3c306,
        type: 3}
      propertyPath: m_LocalEulerAnglesHint.x
      value: 0
      objectReference: {fileID: 0}
    - target: {fileID: 910167180567564966, guid: c382c23091f0980418a079af87b3c306,
        type: 3}
      propertyPath: m_LocalEulerAnglesHint.y
      value: 0
      objectReference: {fileID: 0}
    - target: {fileID: 910167180567564966, guid: c382c23091f0980418a079af87b3c306,
        type: 3}
      propertyPath: m_LocalEulerAnglesHint.z
      value: 0
      objectReference: {fileID: 0}
    - target: {fileID: 4825951457900733523, guid: c382c23091f0980418a079af87b3c306,
        type: 3}
      propertyPath: m_Materials.Array.data[0]
      value: 
      objectReference: {fileID: 2100000, guid: 1319e1f80b18a1a42a386b5dc2988080, type: 2}
    m_RemovedComponents: []
  m_SourcePrefab: {fileID: 100100000, guid: c382c23091f0980418a079af87b3c306, type: 3}
--- !u!4 &3556558626162708163 stripped
Transform:
  m_CorrespondingSourceObject: {fileID: 910167180567564966, guid: c382c23091f0980418a079af87b3c306,
    type: 3}
  m_PrefabInstance: {fileID: 4466162357645958245}
  m_PrefabAsset: {fileID: 0}
--- !u!1001 &4466162357649751609
PrefabInstance:
  m_ObjectHideFlags: 0
  serializedVersion: 2
  m_Modification:
    m_TransformParent: {fileID: 4466162356159339344}
    m_Modifications:
    - target: {fileID: 8911416257359757521, guid: c382c23091f0980418a079af87b3c306,
        type: 3}
      propertyPath: m_Name
      value: CastleBlock (1)
      objectReference: {fileID: 0}
    - target: {fileID: 910167180567564966, guid: c382c23091f0980418a079af87b3c306,
        type: 3}
      propertyPath: m_LocalPosition.x
      value: -1.5
      objectReference: {fileID: 0}
    - target: {fileID: 910167180567564966, guid: c382c23091f0980418a079af87b3c306,
        type: 3}
      propertyPath: m_LocalPosition.y
      value: 0
      objectReference: {fileID: 0}
    - target: {fileID: 910167180567564966, guid: c382c23091f0980418a079af87b3c306,
        type: 3}
      propertyPath: m_LocalPosition.z
      value: 0
      objectReference: {fileID: 0}
    - target: {fileID: 910167180567564966, guid: c382c23091f0980418a079af87b3c306,
        type: 3}
      propertyPath: m_LocalRotation.x
      value: -0
      objectReference: {fileID: 0}
    - target: {fileID: 910167180567564966, guid: c382c23091f0980418a079af87b3c306,
        type: 3}
      propertyPath: m_LocalRotation.y
      value: -0
      objectReference: {fileID: 0}
    - target: {fileID: 910167180567564966, guid: c382c23091f0980418a079af87b3c306,
        type: 3}
      propertyPath: m_LocalRotation.z
      value: -0
      objectReference: {fileID: 0}
    - target: {fileID: 910167180567564966, guid: c382c23091f0980418a079af87b3c306,
        type: 3}
      propertyPath: m_LocalRotation.w
      value: 1
      objectReference: {fileID: 0}
    - target: {fileID: 910167180567564966, guid: c382c23091f0980418a079af87b3c306,
        type: 3}
      propertyPath: m_RootOrder
      value: 1
      objectReference: {fileID: 0}
    - target: {fileID: 910167180567564966, guid: c382c23091f0980418a079af87b3c306,
        type: 3}
      propertyPath: m_LocalEulerAnglesHint.x
      value: 0
      objectReference: {fileID: 0}
    - target: {fileID: 910167180567564966, guid: c382c23091f0980418a079af87b3c306,
        type: 3}
      propertyPath: m_LocalEulerAnglesHint.y
      value: 0
      objectReference: {fileID: 0}
    - target: {fileID: 910167180567564966, guid: c382c23091f0980418a079af87b3c306,
        type: 3}
      propertyPath: m_LocalEulerAnglesHint.z
      value: 0
      objectReference: {fileID: 0}
    - target: {fileID: 4825951457900733523, guid: c382c23091f0980418a079af87b3c306,
        type: 3}
      propertyPath: m_Materials.Array.data[0]
      value: 
      objectReference: {fileID: 2100000, guid: 1319e1f80b18a1a42a386b5dc2988080, type: 2}
    m_RemovedComponents: []
  m_SourcePrefab: {fileID: 100100000, guid: c382c23091f0980418a079af87b3c306, type: 3}
--- !u!4 &3556558626159979679 stripped
Transform:
  m_CorrespondingSourceObject: {fileID: 910167180567564966, guid: c382c23091f0980418a079af87b3c306,
    type: 3}
  m_PrefabInstance: {fileID: 4466162357649751609}
  m_PrefabAsset: {fileID: 0}
--- !u!1001 &4466162357673082831
PrefabInstance:
  m_ObjectHideFlags: 0
  serializedVersion: 2
  m_Modification:
    m_TransformParent: {fileID: 4466162356159339344}
    m_Modifications:
    - target: {fileID: 8911416257359757521, guid: c382c23091f0980418a079af87b3c306,
        type: 3}
      propertyPath: m_Name
      value: CastleBlock (4)
      objectReference: {fileID: 0}
    - target: {fileID: 910167180567564966, guid: c382c23091f0980418a079af87b3c306,
        type: 3}
      propertyPath: m_LocalPosition.x
      value: 1.5
      objectReference: {fileID: 0}
    - target: {fileID: 910167180567564966, guid: c382c23091f0980418a079af87b3c306,
        type: 3}
      propertyPath: m_LocalPosition.y
      value: 0
      objectReference: {fileID: 0}
    - target: {fileID: 910167180567564966, guid: c382c23091f0980418a079af87b3c306,
        type: 3}
      propertyPath: m_LocalPosition.z
      value: 0
      objectReference: {fileID: 0}
    - target: {fileID: 910167180567564966, guid: c382c23091f0980418a079af87b3c306,
        type: 3}
      propertyPath: m_LocalRotation.x
      value: -0
      objectReference: {fileID: 0}
    - target: {fileID: 910167180567564966, guid: c382c23091f0980418a079af87b3c306,
        type: 3}
      propertyPath: m_LocalRotation.y
      value: -0
      objectReference: {fileID: 0}
    - target: {fileID: 910167180567564966, guid: c382c23091f0980418a079af87b3c306,
        type: 3}
      propertyPath: m_LocalRotation.z
      value: -0
      objectReference: {fileID: 0}
    - target: {fileID: 910167180567564966, guid: c382c23091f0980418a079af87b3c306,
        type: 3}
      propertyPath: m_LocalRotation.w
      value: 1
      objectReference: {fileID: 0}
    - target: {fileID: 910167180567564966, guid: c382c23091f0980418a079af87b3c306,
        type: 3}
      propertyPath: m_RootOrder
      value: 4
      objectReference: {fileID: 0}
    - target: {fileID: 910167180567564966, guid: c382c23091f0980418a079af87b3c306,
        type: 3}
      propertyPath: m_LocalEulerAnglesHint.x
      value: 0
      objectReference: {fileID: 0}
    - target: {fileID: 910167180567564966, guid: c382c23091f0980418a079af87b3c306,
        type: 3}
      propertyPath: m_LocalEulerAnglesHint.y
      value: 0
      objectReference: {fileID: 0}
    - target: {fileID: 910167180567564966, guid: c382c23091f0980418a079af87b3c306,
        type: 3}
      propertyPath: m_LocalEulerAnglesHint.z
      value: 0
      objectReference: {fileID: 0}
    - target: {fileID: 4825951457900733523, guid: c382c23091f0980418a079af87b3c306,
        type: 3}
      propertyPath: m_Materials.Array.data[0]
      value: 
      objectReference: {fileID: 2100000, guid: 1319e1f80b18a1a42a386b5dc2988080, type: 2}
    m_RemovedComponents: []
  m_SourcePrefab: {fileID: 100100000, guid: c382c23091f0980418a079af87b3c306, type: 3}
--- !u!4 &3556558626135076201 stripped
Transform:
  m_CorrespondingSourceObject: {fileID: 910167180567564966, guid: c382c23091f0980418a079af87b3c306,
    type: 3}
  m_PrefabInstance: {fileID: 4466162357673082831}
  m_PrefabAsset: {fileID: 0}
--- !u!1001 &4466162357675306856
PrefabInstance:
  m_ObjectHideFlags: 0
  serializedVersion: 2
  m_Modification:
    m_TransformParent: {fileID: 4466162356159339344}
    m_Modifications:
    - target: {fileID: 8911416257359757521, guid: c382c23091f0980418a079af87b3c306,
        type: 3}
      propertyPath: m_Name
      value: CastleBlock (13)
      objectReference: {fileID: 0}
    - target: {fileID: 910167180567564966, guid: c382c23091f0980418a079af87b3c306,
        type: 3}
      propertyPath: m_LocalPosition.x
      value: -1.5
      objectReference: {fileID: 0}
    - target: {fileID: 910167180567564966, guid: c382c23091f0980418a079af87b3c306,
        type: 3}
      propertyPath: m_LocalPosition.y
      value: 2
      objectReference: {fileID: 0}
    - target: {fileID: 910167180567564966, guid: c382c23091f0980418a079af87b3c306,
        type: 3}
      propertyPath: m_LocalPosition.z
      value: 0
      objectReference: {fileID: 0}
    - target: {fileID: 910167180567564966, guid: c382c23091f0980418a079af87b3c306,
        type: 3}
      propertyPath: m_LocalRotation.x
      value: -0
      objectReference: {fileID: 0}
    - target: {fileID: 910167180567564966, guid: c382c23091f0980418a079af87b3c306,
        type: 3}
      propertyPath: m_LocalRotation.y
      value: -0
      objectReference: {fileID: 0}
    - target: {fileID: 910167180567564966, guid: c382c23091f0980418a079af87b3c306,
        type: 3}
      propertyPath: m_LocalRotation.z
      value: -0
      objectReference: {fileID: 0}
    - target: {fileID: 910167180567564966, guid: c382c23091f0980418a079af87b3c306,
        type: 3}
      propertyPath: m_LocalRotation.w
      value: 1
      objectReference: {fileID: 0}
    - target: {fileID: 910167180567564966, guid: c382c23091f0980418a079af87b3c306,
        type: 3}
      propertyPath: m_RootOrder
      value: 13
      objectReference: {fileID: 0}
    - target: {fileID: 910167180567564966, guid: c382c23091f0980418a079af87b3c306,
        type: 3}
      propertyPath: m_LocalEulerAnglesHint.x
      value: 0
      objectReference: {fileID: 0}
    - target: {fileID: 910167180567564966, guid: c382c23091f0980418a079af87b3c306,
        type: 3}
      propertyPath: m_LocalEulerAnglesHint.y
      value: 0
      objectReference: {fileID: 0}
    - target: {fileID: 910167180567564966, guid: c382c23091f0980418a079af87b3c306,
        type: 3}
      propertyPath: m_LocalEulerAnglesHint.z
      value: 0
      objectReference: {fileID: 0}
    - target: {fileID: 4825951457900733523, guid: c382c23091f0980418a079af87b3c306,
        type: 3}
      propertyPath: m_Materials.Array.data[0]
      value: 
      objectReference: {fileID: 2100000, guid: 1319e1f80b18a1a42a386b5dc2988080, type: 2}
    m_RemovedComponents: []
  m_SourcePrefab: {fileID: 100100000, guid: c382c23091f0980418a079af87b3c306, type: 3}
--- !u!4 &3556558626133376462 stripped
Transform:
  m_CorrespondingSourceObject: {fileID: 910167180567564966, guid: c382c23091f0980418a079af87b3c306,
    type: 3}
  m_PrefabInstance: {fileID: 4466162357675306856}
  m_PrefabAsset: {fileID: 0}
--- !u!1001 &4466162357710388412
PrefabInstance:
  m_ObjectHideFlags: 0
  serializedVersion: 2
  m_Modification:
    m_TransformParent: {fileID: 4466162356159339344}
    m_Modifications:
    - target: {fileID: 8911416257359757521, guid: c382c23091f0980418a079af87b3c306,
        type: 3}
      propertyPath: m_Name
      value: CastleBlock (19)
      objectReference: {fileID: 0}
    - target: {fileID: 910167180567564966, guid: c382c23091f0980418a079af87b3c306,
        type: 3}
      propertyPath: m_LocalPosition.x
      value: 1.5
      objectReference: {fileID: 0}
    - target: {fileID: 910167180567564966, guid: c382c23091f0980418a079af87b3c306,
        type: 3}
      propertyPath: m_LocalPosition.y
      value: 3
      objectReference: {fileID: 0}
    - target: {fileID: 910167180567564966, guid: c382c23091f0980418a079af87b3c306,
        type: 3}
      propertyPath: m_LocalPosition.z
      value: 0
      objectReference: {fileID: 0}
    - target: {fileID: 910167180567564966, guid: c382c23091f0980418a079af87b3c306,
        type: 3}
      propertyPath: m_LocalRotation.x
      value: -0
      objectReference: {fileID: 0}
    - target: {fileID: 910167180567564966, guid: c382c23091f0980418a079af87b3c306,
        type: 3}
      propertyPath: m_LocalRotation.y
      value: -0
      objectReference: {fileID: 0}
    - target: {fileID: 910167180567564966, guid: c382c23091f0980418a079af87b3c306,
        type: 3}
      propertyPath: m_LocalRotation.z
      value: -0
      objectReference: {fileID: 0}
    - target: {fileID: 910167180567564966, guid: c382c23091f0980418a079af87b3c306,
        type: 3}
      propertyPath: m_LocalRotation.w
      value: 1
      objectReference: {fileID: 0}
    - target: {fileID: 910167180567564966, guid: c382c23091f0980418a079af87b3c306,
        type: 3}
      propertyPath: m_RootOrder
      value: 19
      objectReference: {fileID: 0}
    - target: {fileID: 910167180567564966, guid: c382c23091f0980418a079af87b3c306,
        type: 3}
      propertyPath: m_LocalEulerAnglesHint.x
      value: 0
      objectReference: {fileID: 0}
    - target: {fileID: 910167180567564966, guid: c382c23091f0980418a079af87b3c306,
        type: 3}
      propertyPath: m_LocalEulerAnglesHint.y
      value: 0
      objectReference: {fileID: 0}
    - target: {fileID: 910167180567564966, guid: c382c23091f0980418a079af87b3c306,
        type: 3}
      propertyPath: m_LocalEulerAnglesHint.z
      value: 0
      objectReference: {fileID: 0}
    - target: {fileID: 4825951457900733523, guid: c382c23091f0980418a079af87b3c306,
        type: 3}
      propertyPath: m_Materials.Array.data[0]
      value: 
      objectReference: {fileID: 2100000, guid: 1319e1f80b18a1a42a386b5dc2988080, type: 2}
    m_RemovedComponents: []
  m_SourcePrefab: {fileID: 100100000, guid: c382c23091f0980418a079af87b3c306, type: 3}
--- !u!4 &3556558625964994074 stripped
Transform:
  m_CorrespondingSourceObject: {fileID: 910167180567564966, guid: c382c23091f0980418a079af87b3c306,
    type: 3}
  m_PrefabInstance: {fileID: 4466162357710388412}
  m_PrefabAsset: {fileID: 0}
--- !u!1001 &4466162357762231586
PrefabInstance:
  m_ObjectHideFlags: 0
  serializedVersion: 2
  m_Modification:
    m_TransformParent: {fileID: 4466162356159339344}
    m_Modifications:
    - target: {fileID: 8911416257359757521, guid: c382c23091f0980418a079af87b3c306,
        type: 3}
      propertyPath: m_Name
      value: CastleBlock (24)
      objectReference: {fileID: 0}
    - target: {fileID: 910167180567564966, guid: c382c23091f0980418a079af87b3c306,
        type: 3}
      propertyPath: m_LocalPosition.x
      value: -2.5
      objectReference: {fileID: 0}
    - target: {fileID: 910167180567564966, guid: c382c23091f0980418a079af87b3c306,
        type: 3}
      propertyPath: m_LocalPosition.y
      value: 4
      objectReference: {fileID: 0}
    - target: {fileID: 910167180567564966, guid: c382c23091f0980418a079af87b3c306,
        type: 3}
      propertyPath: m_LocalPosition.z
      value: 0
      objectReference: {fileID: 0}
    - target: {fileID: 910167180567564966, guid: c382c23091f0980418a079af87b3c306,
        type: 3}
      propertyPath: m_LocalRotation.x
      value: -0
      objectReference: {fileID: 0}
    - target: {fileID: 910167180567564966, guid: c382c23091f0980418a079af87b3c306,
        type: 3}
      propertyPath: m_LocalRotation.y
      value: -0
      objectReference: {fileID: 0}
    - target: {fileID: 910167180567564966, guid: c382c23091f0980418a079af87b3c306,
        type: 3}
      propertyPath: m_LocalRotation.z
      value: -0
      objectReference: {fileID: 0}
    - target: {fileID: 910167180567564966, guid: c382c23091f0980418a079af87b3c306,
        type: 3}
      propertyPath: m_LocalRotation.w
      value: 1
      objectReference: {fileID: 0}
    - target: {fileID: 910167180567564966, guid: c382c23091f0980418a079af87b3c306,
        type: 3}
      propertyPath: m_RootOrder
      value: 24
      objectReference: {fileID: 0}
    - target: {fileID: 910167180567564966, guid: c382c23091f0980418a079af87b3c306,
        type: 3}
      propertyPath: m_LocalEulerAnglesHint.x
      value: 0
      objectReference: {fileID: 0}
    - target: {fileID: 910167180567564966, guid: c382c23091f0980418a079af87b3c306,
        type: 3}
      propertyPath: m_LocalEulerAnglesHint.y
      value: 0
      objectReference: {fileID: 0}
    - target: {fileID: 910167180567564966, guid: c382c23091f0980418a079af87b3c306,
        type: 3}
      propertyPath: m_LocalEulerAnglesHint.z
      value: 0
      objectReference: {fileID: 0}
    - target: {fileID: 4825951457900733523, guid: c382c23091f0980418a079af87b3c306,
        type: 3}
      propertyPath: m_Materials.Array.data[0]
      value: 
      objectReference: {fileID: 2100000, guid: 1319e1f80b18a1a42a386b5dc2988080, type: 2}
    m_RemovedComponents: []
  m_SourcePrefab: {fileID: 100100000, guid: c382c23091f0980418a079af87b3c306, type: 3}
--- !u!4 &3556558625911693188 stripped
Transform:
  m_CorrespondingSourceObject: {fileID: 910167180567564966, guid: c382c23091f0980418a079af87b3c306,
    type: 3}
  m_PrefabInstance: {fileID: 4466162357762231586}
  m_PrefabAsset: {fileID: 0}
--- !u!1001 &4466162358087013634
PrefabInstance:
  m_ObjectHideFlags: 0
  serializedVersion: 2
  m_Modification:
    m_TransformParent: {fileID: 4466162356159339344}
    m_Modifications:
    - target: {fileID: 8911416257359757521, guid: c382c23091f0980418a079af87b3c306,
        type: 3}
      propertyPath: m_Name
      value: CastleBlock (9)
      objectReference: {fileID: 0}
    - target: {fileID: 910167180567564966, guid: c382c23091f0980418a079af87b3c306,
        type: 3}
      propertyPath: m_LocalPosition.x
      value: -0.5
      objectReference: {fileID: 0}
    - target: {fileID: 910167180567564966, guid: c382c23091f0980418a079af87b3c306,
        type: 3}
      propertyPath: m_LocalPosition.y
      value: 1
      objectReference: {fileID: 0}
    - target: {fileID: 910167180567564966, guid: c382c23091f0980418a079af87b3c306,
        type: 3}
      propertyPath: m_LocalPosition.z
      value: 0
      objectReference: {fileID: 0}
    - target: {fileID: 910167180567564966, guid: c382c23091f0980418a079af87b3c306,
        type: 3}
      propertyPath: m_LocalRotation.x
      value: -0
      objectReference: {fileID: 0}
    - target: {fileID: 910167180567564966, guid: c382c23091f0980418a079af87b3c306,
        type: 3}
      propertyPath: m_LocalRotation.y
      value: -0
      objectReference: {fileID: 0}
    - target: {fileID: 910167180567564966, guid: c382c23091f0980418a079af87b3c306,
        type: 3}
      propertyPath: m_LocalRotation.z
      value: -0
      objectReference: {fileID: 0}
    - target: {fileID: 910167180567564966, guid: c382c23091f0980418a079af87b3c306,
        type: 3}
      propertyPath: m_LocalRotation.w
      value: 1
      objectReference: {fileID: 0}
    - target: {fileID: 910167180567564966, guid: c382c23091f0980418a079af87b3c306,
        type: 3}
      propertyPath: m_RootOrder
      value: 9
      objectReference: {fileID: 0}
    - target: {fileID: 910167180567564966, guid: c382c23091f0980418a079af87b3c306,
        type: 3}
      propertyPath: m_LocalEulerAnglesHint.x
      value: 0
      objectReference: {fileID: 0}
    - target: {fileID: 910167180567564966, guid: c382c23091f0980418a079af87b3c306,
        type: 3}
      propertyPath: m_LocalEulerAnglesHint.y
      value: 0
      objectReference: {fileID: 0}
    - target: {fileID: 910167180567564966, guid: c382c23091f0980418a079af87b3c306,
        type: 3}
      propertyPath: m_LocalEulerAnglesHint.z
      value: 0
      objectReference: {fileID: 0}
    - target: {fileID: 4825951457900733523, guid: c382c23091f0980418a079af87b3c306,
        type: 3}
      propertyPath: m_Materials.Array.data[0]
      value: 
      objectReference: {fileID: 2100000, guid: 1319e1f80b18a1a42a386b5dc2988080, type: 2}
    m_RemovedComponents: []
  m_SourcePrefab: {fileID: 100100000, guid: c382c23091f0980418a079af87b3c306, type: 3}
--- !u!4 &3556558625722697636 stripped
Transform:
  m_CorrespondingSourceObject: {fileID: 910167180567564966, guid: c382c23091f0980418a079af87b3c306,
    type: 3}
  m_PrefabInstance: {fileID: 4466162358087013634}
  m_PrefabAsset: {fileID: 0}
--- !u!1001 &4466162358090496510
PrefabInstance:
  m_ObjectHideFlags: 0
  serializedVersion: 2
  m_Modification:
    m_TransformParent: {fileID: 4466162356159339344}
    m_Modifications:
    - target: {fileID: 8911416257359757521, guid: c382c23091f0980418a079af87b3c306,
        type: 3}
      propertyPath: m_Name
      value: CastleBlock (26)
      objectReference: {fileID: 0}
    - target: {fileID: 910167180567564966, guid: c382c23091f0980418a079af87b3c306,
        type: 3}
      propertyPath: m_LocalPosition.x
      value: 1.5
      objectReference: {fileID: 0}
    - target: {fileID: 910167180567564966, guid: c382c23091f0980418a079af87b3c306,
        type: 3}
      propertyPath: m_LocalPosition.y
      value: 4
      objectReference: {fileID: 0}
    - target: {fileID: 910167180567564966, guid: c382c23091f0980418a079af87b3c306,
        type: 3}
      propertyPath: m_LocalPosition.z
      value: 0
      objectReference: {fileID: 0}
    - target: {fileID: 910167180567564966, guid: c382c23091f0980418a079af87b3c306,
        type: 3}
      propertyPath: m_LocalRotation.x
      value: -0
      objectReference: {fileID: 0}
    - target: {fileID: 910167180567564966, guid: c382c23091f0980418a079af87b3c306,
        type: 3}
      propertyPath: m_LocalRotation.y
      value: -0
      objectReference: {fileID: 0}
    - target: {fileID: 910167180567564966, guid: c382c23091f0980418a079af87b3c306,
        type: 3}
      propertyPath: m_LocalRotation.z
      value: -0
      objectReference: {fileID: 0}
    - target: {fileID: 910167180567564966, guid: c382c23091f0980418a079af87b3c306,
        type: 3}
      propertyPath: m_LocalRotation.w
      value: 1
      objectReference: {fileID: 0}
    - target: {fileID: 910167180567564966, guid: c382c23091f0980418a079af87b3c306,
        type: 3}
      propertyPath: m_RootOrder
      value: 26
      objectReference: {fileID: 0}
    - target: {fileID: 910167180567564966, guid: c382c23091f0980418a079af87b3c306,
        type: 3}
      propertyPath: m_LocalEulerAnglesHint.x
      value: 0
      objectReference: {fileID: 0}
    - target: {fileID: 910167180567564966, guid: c382c23091f0980418a079af87b3c306,
        type: 3}
      propertyPath: m_LocalEulerAnglesHint.y
      value: 0
      objectReference: {fileID: 0}
    - target: {fileID: 910167180567564966, guid: c382c23091f0980418a079af87b3c306,
        type: 3}
      propertyPath: m_LocalEulerAnglesHint.z
      value: 0
      objectReference: {fileID: 0}
    - target: {fileID: 4825951457900733523, guid: c382c23091f0980418a079af87b3c306,
        type: 3}
      propertyPath: m_Materials.Array.data[0]
      value: 
      objectReference: {fileID: 2100000, guid: 1319e1f80b18a1a42a386b5dc2988080, type: 2}
    m_RemovedComponents: []
  m_SourcePrefab: {fileID: 100100000, guid: c382c23091f0980418a079af87b3c306, type: 3}
--- !u!4 &3556558625718053720 stripped
Transform:
  m_CorrespondingSourceObject: {fileID: 910167180567564966, guid: c382c23091f0980418a079af87b3c306,
    type: 3}
  m_PrefabInstance: {fileID: 4466162358090496510}
  m_PrefabAsset: {fileID: 0}
--- !u!1001 &4466162358091745887
PrefabInstance:
  m_ObjectHideFlags: 0
  serializedVersion: 2
  m_Modification:
    m_TransformParent: {fileID: 4466162356159339344}
    m_Modifications:
    - target: {fileID: 8911416257359757521, guid: c382c23091f0980418a079af87b3c306,
        type: 3}
      propertyPath: m_Name
      value: CastleBlock (20)
      objectReference: {fileID: 0}
    - target: {fileID: 910167180567564966, guid: c382c23091f0980418a079af87b3c306,
        type: 3}
      propertyPath: m_LocalPosition.x
      value: 0.5
      objectReference: {fileID: 0}
    - target: {fileID: 910167180567564966, guid: c382c23091f0980418a079af87b3c306,
        type: 3}
      propertyPath: m_LocalPosition.y
      value: 3
      objectReference: {fileID: 0}
    - target: {fileID: 910167180567564966, guid: c382c23091f0980418a079af87b3c306,
        type: 3}
      propertyPath: m_LocalPosition.z
      value: 0
      objectReference: {fileID: 0}
    - target: {fileID: 910167180567564966, guid: c382c23091f0980418a079af87b3c306,
        type: 3}
      propertyPath: m_LocalRotation.x
      value: -0
      objectReference: {fileID: 0}
    - target: {fileID: 910167180567564966, guid: c382c23091f0980418a079af87b3c306,
        type: 3}
      propertyPath: m_LocalRotation.y
      value: -0
      objectReference: {fileID: 0}
    - target: {fileID: 910167180567564966, guid: c382c23091f0980418a079af87b3c306,
        type: 3}
      propertyPath: m_LocalRotation.z
      value: -0
      objectReference: {fileID: 0}
    - target: {fileID: 910167180567564966, guid: c382c23091f0980418a079af87b3c306,
        type: 3}
      propertyPath: m_LocalRotation.w
      value: 1
      objectReference: {fileID: 0}
    - target: {fileID: 910167180567564966, guid: c382c23091f0980418a079af87b3c306,
        type: 3}
      propertyPath: m_RootOrder
      value: 20
      objectReference: {fileID: 0}
    - target: {fileID: 910167180567564966, guid: c382c23091f0980418a079af87b3c306,
        type: 3}
      propertyPath: m_LocalEulerAnglesHint.x
      value: 0
      objectReference: {fileID: 0}
    - target: {fileID: 910167180567564966, guid: c382c23091f0980418a079af87b3c306,
        type: 3}
      propertyPath: m_LocalEulerAnglesHint.y
      value: 0
      objectReference: {fileID: 0}
    - target: {fileID: 910167180567564966, guid: c382c23091f0980418a079af87b3c306,
        type: 3}
      propertyPath: m_LocalEulerAnglesHint.z
      value: 0
      objectReference: {fileID: 0}
    - target: {fileID: 4825951457900733523, guid: c382c23091f0980418a079af87b3c306,
        type: 3}
      propertyPath: m_Materials.Array.data[0]
      value: 
      objectReference: {fileID: 2100000, guid: 1319e1f80b18a1a42a386b5dc2988080, type: 2}
    m_RemovedComponents: []
  m_SourcePrefab: {fileID: 100100000, guid: c382c23091f0980418a079af87b3c306, type: 3}
--- !u!4 &3556558625716918521 stripped
Transform:
  m_CorrespondingSourceObject: {fileID: 910167180567564966, guid: c382c23091f0980418a079af87b3c306,
    type: 3}
  m_PrefabInstance: {fileID: 4466162358091745887}
  m_PrefabAsset: {fileID: 0}
--- !u!1001 &8493636491277311693
PrefabInstance:
  m_ObjectHideFlags: 0
  serializedVersion: 2
  m_Modification:
    m_TransformParent: {fileID: 4466162356159339344}
    m_Modifications:
    - target: {fileID: 8911416257359757521, guid: c382c23091f0980418a079af87b3c306,
        type: 3}
      propertyPath: m_Name
      value: CastleBlock
      objectReference: {fileID: 0}
    - target: {fileID: 910167180567564966, guid: c382c23091f0980418a079af87b3c306,
        type: 3}
      propertyPath: m_LocalPosition.x
      value: -2.5
      objectReference: {fileID: 0}
    - target: {fileID: 910167180567564966, guid: c382c23091f0980418a079af87b3c306,
        type: 3}
      propertyPath: m_LocalPosition.y
      value: 0
      objectReference: {fileID: 0}
    - target: {fileID: 910167180567564966, guid: c382c23091f0980418a079af87b3c306,
        type: 3}
      propertyPath: m_LocalPosition.z
      value: 0
      objectReference: {fileID: 0}
    - target: {fileID: 910167180567564966, guid: c382c23091f0980418a079af87b3c306,
        type: 3}
      propertyPath: m_LocalRotation.x
      value: -0
      objectReference: {fileID: 0}
    - target: {fileID: 910167180567564966, guid: c382c23091f0980418a079af87b3c306,
        type: 3}
      propertyPath: m_LocalRotation.y
      value: -0
      objectReference: {fileID: 0}
    - target: {fileID: 910167180567564966, guid: c382c23091f0980418a079af87b3c306,
        type: 3}
      propertyPath: m_LocalRotation.z
      value: -0
      objectReference: {fileID: 0}
    - target: {fileID: 910167180567564966, guid: c382c23091f0980418a079af87b3c306,
        type: 3}
      propertyPath: m_LocalRotation.w
      value: 1
      objectReference: {fileID: 0}
    - target: {fileID: 910167180567564966, guid: c382c23091f0980418a079af87b3c306,
        type: 3}
      propertyPath: m_RootOrder
      value: 0
      objectReference: {fileID: 0}
    - target: {fileID: 910167180567564966, guid: c382c23091f0980418a079af87b3c306,
        type: 3}
      propertyPath: m_LocalEulerAnglesHint.x
      value: 0
      objectReference: {fileID: 0}
    - target: {fileID: 910167180567564966, guid: c382c23091f0980418a079af87b3c306,
        type: 3}
      propertyPath: m_LocalEulerAnglesHint.y
      value: 0
      objectReference: {fileID: 0}
    - target: {fileID: 910167180567564966, guid: c382c23091f0980418a079af87b3c306,
        type: 3}
      propertyPath: m_LocalEulerAnglesHint.z
      value: 0
      objectReference: {fileID: 0}
    - target: {fileID: 4825951457900733523, guid: c382c23091f0980418a079af87b3c306,
        type: 3}
      propertyPath: m_Materials.Array.data[0]
      value: 
      objectReference: {fileID: 2100000, guid: 1319e1f80b18a1a42a386b5dc2988080, type: 2}
    m_RemovedComponents: []
  m_SourcePrefab: {fileID: 100100000, guid: c382c23091f0980418a079af87b3c306, type: 3}
--- !u!4 &8754686897178266731 stripped
Transform:
  m_CorrespondingSourceObject: {fileID: 910167180567564966, guid: c382c23091f0980418a079af87b3c306,
    type: 3}
  m_PrefabInstance: {fileID: 8493636491277311693}
  m_PrefabAsset: {fileID: 0}
