%YAML 1.1
%TAG !u! tag:unity3d.com,2011:
--- !u!1 &3255258953635695090
GameObject:
  m_ObjectHideFlags: 0
  m_CorrespondingSourceObject: {fileID: 0}
  m_PrefabInstance: {fileID: 0}
  m_PrefabAsset: {fileID: 0}
  serializedVersion: 6
  m_Component:
  - component: {fileID: 3183230383567974250}
  - component: {fileID: 8185666853071848064}
  - component: {fileID: 5297019269237397674}
  - component: {fileID: 8248280978649552239}
  m_Layer: 0
  m_Name: default (1)
  m_TagString: Untagged
  m_Icon: {fileID: 0}
  m_NavMeshLayer: 0
  m_StaticEditorFlags: 0
  m_IsActive: 1
--- !u!4 &3183230383567974250
Transform:
  m_ObjectHideFlags: 0
  m_CorrespondingSourceObject: {fileID: 0}
  m_PrefabInstance: {fileID: 0}
  m_PrefabAsset: {fileID: 0}
  m_GameObject: {fileID: 3255258953635695090}
  m_LocalRotation: {x: -0, y: 0.7071068, z: -0, w: 0.7071068}
  m_LocalPosition: {x: 14.6, y: 15.884, z: 1.23}
  m_LocalScale: {x: 0.62500024, y: 2.1875, z: 0.62500024}
  m_Children: []
  m_Father: {fileID: 6706064504069898154}
  m_RootOrder: 16
  m_LocalEulerAnglesHint: {x: 0, y: 0, z: 0}
--- !u!33 &8185666853071848064
MeshFilter:
  m_ObjectHideFlags: 0
  m_CorrespondingSourceObject: {fileID: 0}
  m_PrefabInstance: {fileID: 0}
  m_PrefabAsset: {fileID: 0}
  m_GameObject: {fileID: 3255258953635695090}
  m_Mesh: {fileID: 4300000, guid: 865a431cd3dc96c4c9882b11fde0e226, type: 3}
--- !u!23 &5297019269237397674
MeshRenderer:
  m_ObjectHideFlags: 0
  m_CorrespondingSourceObject: {fileID: 0}
  m_PrefabInstance: {fileID: 0}
  m_PrefabAsset: {fileID: 0}
  m_GameObject: {fileID: 3255258953635695090}
  m_Enabled: 1
  m_CastShadows: 1
  m_ReceiveShadows: 1
  m_DynamicOccludee: 1
  m_MotionVectors: 1
  m_LightProbeUsage: 1
  m_ReflectionProbeUsage: 1
  m_RenderingLayerMask: 1
  m_RendererPriority: 0
  m_Materials:
  - {fileID: 2100000, guid: 865a431cd3dc96c4c9882b11fde0e226, type: 3}
  m_StaticBatchInfo:
    firstSubMesh: 0
    subMeshCount: 0
  m_StaticBatchRoot: {fileID: 0}
  m_ProbeAnchor: {fileID: 0}
  m_LightProbeVolumeOverride: {fileID: 0}
  m_ScaleInLightmap: 1
  m_PreserveUVs: 0
  m_IgnoreNormalsForChartDetection: 0
  m_ImportantGI: 0
  m_StitchLightmapSeams: 0
  m_SelectedEditorRenderState: 3
  m_MinimumChartSize: 4
  m_AutoUVMaxDistance: 0.5
  m_AutoUVMaxAngle: 89
  m_LightmapParameters: {fileID: 0}
  m_SortingLayerID: 0
  m_SortingLayer: 0
  m_SortingOrder: 0
--- !u!65 &8248280978649552239
BoxCollider:
  m_ObjectHideFlags: 0
  m_CorrespondingSourceObject: {fileID: 0}
  m_PrefabInstance: {fileID: 0}
  m_PrefabAsset: {fileID: 0}
  m_GameObject: {fileID: 3255258953635695090}
  m_Material: {fileID: 0}
  m_IsTrigger: 0
  m_Enabled: 1
  serializedVersion: 2
  m_Size: {x: 1.6, y: 1.6, z: 1.6}
  m_Center: {x: 0, y: 0.8, z: 0}
--- !u!1 &4671421531005401287
GameObject:
  m_ObjectHideFlags: 0
  m_CorrespondingSourceObject: {fileID: 0}
  m_PrefabInstance: {fileID: 0}
  m_PrefabAsset: {fileID: 0}
  serializedVersion: 6
  m_Component:
  - component: {fileID: 6706064504069898154}
  m_Layer: 0
  m_Name: tower_middle
  m_TagString: Untagged
  m_Icon: {fileID: 0}
  m_NavMeshLayer: 0
  m_StaticEditorFlags: 0
  m_IsActive: 1
--- !u!4 &6706064504069898154
Transform:
  m_ObjectHideFlags: 0
  m_CorrespondingSourceObject: {fileID: 0}
  m_PrefabInstance: {fileID: 0}
  m_PrefabAsset: {fileID: 0}
  m_GameObject: {fileID: 4671421531005401287}
  m_LocalRotation: {x: 0, y: 0.7071068, z: 0, w: 0.7071068}
  m_LocalPosition: {x: -103.17909, y: -15.874, z: 23.2}
  m_LocalScale: {x: 1, y: 1, z: 1}
  m_Children:
  - {fileID: 7284937184524649154}
  - {fileID: 7284937185874399171}
  - {fileID: 7284937185312037025}
  - {fileID: 7284937185891850651}
  - {fileID: 7284937185044567053}
  - {fileID: 7284937185732283240}
  - {fileID: 7284937184015939875}
  - {fileID: 7284937185614119784}
  - {fileID: 7284937184194737946}
  - {fileID: 5875100184052483211}
  - {fileID: 959588726325480421}
  - {fileID: 2575484369125782665}
  - {fileID: 6583812858457139191}
  - {fileID: 2913737930867247866}
  - {fileID: 2417726766137047491}
  - {fileID: 3571941036739923162}
  - {fileID: 3183230383567974250}
  - {fileID: 6846831896107196503}
  - {fileID: 4590116989324249455}
  - {fileID: 7870503521519562283}
  - {fileID: 7340522725883392314}
  - {fileID: 3696371923941333921}
  m_Father: {fileID: 0}
  m_RootOrder: 0
  m_LocalEulerAnglesHint: {x: 0, y: 90, z: 0}
--- !u!1 &6947997536334203301
GameObject:
  m_ObjectHideFlags: 0
  m_CorrespondingSourceObject: {fileID: 0}
  m_PrefabInstance: {fileID: 0}
  m_PrefabAsset: {fileID: 0}
  serializedVersion: 6
  m_Component:
  - component: {fileID: 3696371923941333921}
  - component: {fileID: 4420891567426727706}
  - component: {fileID: 8671194813904180229}
  - component: {fileID: 2921248941889450971}
  m_Layer: 0
  m_Name: holder_block
  m_TagString: Untagged
  m_Icon: {fileID: 0}
  m_NavMeshLayer: 0
  m_StaticEditorFlags: 0
  m_IsActive: 1
--- !u!4 &3696371923941333921
Transform:
  m_ObjectHideFlags: 0
  m_CorrespondingSourceObject: {fileID: 0}
  m_PrefabInstance: {fileID: 0}
  m_PrefabAsset: {fileID: 0}
  m_GameObject: {fileID: 6947997536334203301}
  m_LocalRotation: {x: -0, y: -0, z: -0, w: 1}
  m_LocalPosition: {x: 14.65, y: 19.384, z: 1.19}
  m_LocalScale: {x: 1.5, y: 0.3125, z: 1.5}
  m_Children: []
  m_Father: {fileID: 6706064504069898154}
  m_RootOrder: 21
  m_LocalEulerAnglesHint: {x: 0, y: 0, z: 0}
--- !u!33 &4420891567426727706
MeshFilter:
  m_ObjectHideFlags: 0
  m_CorrespondingSourceObject: {fileID: 0}
  m_PrefabInstance: {fileID: 0}
  m_PrefabAsset: {fileID: 0}
  m_GameObject: {fileID: 6947997536334203301}
  m_Mesh: {fileID: 4300000, guid: 865a431cd3dc96c4c9882b11fde0e226, type: 3}
--- !u!23 &8671194813904180229
MeshRenderer:
  m_ObjectHideFlags: 0
  m_CorrespondingSourceObject: {fileID: 0}
  m_PrefabInstance: {fileID: 0}
  m_PrefabAsset: {fileID: 0}
  m_GameObject: {fileID: 6947997536334203301}
  m_Enabled: 1
  m_CastShadows: 1
  m_ReceiveShadows: 1
  m_DynamicOccludee: 1
  m_MotionVectors: 1
  m_LightProbeUsage: 1
  m_ReflectionProbeUsage: 1
  m_RenderingLayerMask: 1
  m_RendererPriority: 0
  m_Materials:
  - {fileID: 2100000, guid: 865a431cd3dc96c4c9882b11fde0e226, type: 3}
  m_StaticBatchInfo:
    firstSubMesh: 0
    subMeshCount: 0
  m_StaticBatchRoot: {fileID: 0}
  m_ProbeAnchor: {fileID: 0}
  m_LightProbeVolumeOverride: {fileID: 0}
  m_ScaleInLightmap: 1
  m_PreserveUVs: 0
  m_IgnoreNormalsForChartDetection: 0
  m_ImportantGI: 0
  m_StitchLightmapSeams: 0
  m_SelectedEditorRenderState: 3
  m_MinimumChartSize: 4
  m_AutoUVMaxDistance: 0.5
  m_AutoUVMaxAngle: 89
  m_LightmapParameters: {fileID: 0}
  m_SortingLayerID: 0
  m_SortingLayer: 0
  m_SortingOrder: 0
--- !u!65 &2921248941889450971
BoxCollider:
  m_ObjectHideFlags: 0
  m_CorrespondingSourceObject: {fileID: 0}
  m_PrefabInstance: {fileID: 0}
  m_PrefabAsset: {fileID: 0}
  m_GameObject: {fileID: 6947997536334203301}
  m_Material: {fileID: 0}
  m_IsTrigger: 0
  m_Enabled: 1
  serializedVersion: 2
  m_Size: {x: 1.6, y: 1.6, z: 1.6}
  m_Center: {x: 0, y: 0.8, z: 0}
--- !u!1001 &364403807995395282
PrefabInstance:
  m_ObjectHideFlags: 0
  serializedVersion: 2
  m_Modification:
    m_TransformParent: {fileID: 6706064504069898154}
    m_Modifications:
    - target: {fileID: 2788689375641916539, guid: 08cb864b45307174d8ba72d8bc4296ec,
        type: 3}
      propertyPath: m_Name
      value: wall-2 (81)
      objectReference: {fileID: 0}
    - target: {fileID: 2788689375642077275, guid: 08cb864b45307174d8ba72d8bc4296ec,
        type: 3}
      propertyPath: m_LocalPosition.x
      value: 16.020905
      objectReference: {fileID: 0}
    - target: {fileID: 2788689375642077275, guid: 08cb864b45307174d8ba72d8bc4296ec,
        type: 3}
      propertyPath: m_LocalPosition.y
      value: 19.88375
      objectReference: {fileID: 0}
    - target: {fileID: 2788689375642077275, guid: 08cb864b45307174d8ba72d8bc4296ec,
        type: 3}
      propertyPath: m_LocalPosition.z
      value: 1.9970675
      objectReference: {fileID: 0}
    - target: {fileID: 2788689375642077275, guid: 08cb864b45307174d8ba72d8bc4296ec,
        type: 3}
      propertyPath: m_LocalRotation.x
      value: -0
      objectReference: {fileID: 0}
    - target: {fileID: 2788689375642077275, guid: 08cb864b45307174d8ba72d8bc4296ec,
        type: 3}
      propertyPath: m_LocalRotation.y
      value: -0
      objectReference: {fileID: 0}
    - target: {fileID: 2788689375642077275, guid: 08cb864b45307174d8ba72d8bc4296ec,
        type: 3}
      propertyPath: m_LocalRotation.z
      value: -0
      objectReference: {fileID: 0}
    - target: {fileID: 2788689375642077275, guid: 08cb864b45307174d8ba72d8bc4296ec,
        type: 3}
      propertyPath: m_LocalRotation.w
      value: 1
      objectReference: {fileID: 0}
    - target: {fileID: 2788689375642077275, guid: 08cb864b45307174d8ba72d8bc4296ec,
        type: 3}
      propertyPath: m_RootOrder
      value: 11
      objectReference: {fileID: 0}
    - target: {fileID: 2788689375642077275, guid: 08cb864b45307174d8ba72d8bc4296ec,
        type: 3}
      propertyPath: m_LocalEulerAnglesHint.x
      value: 0
      objectReference: {fileID: 0}
    - target: {fileID: 2788689375642077275, guid: 08cb864b45307174d8ba72d8bc4296ec,
        type: 3}
      propertyPath: m_LocalEulerAnglesHint.y
      value: 0
      objectReference: {fileID: 0}
    - target: {fileID: 2788689375642077275, guid: 08cb864b45307174d8ba72d8bc4296ec,
        type: 3}
      propertyPath: m_LocalEulerAnglesHint.z
      value: 0
      objectReference: {fileID: 0}
    - target: {fileID: 868363230557726240, guid: 08cb864b45307174d8ba72d8bc4296ec,
        type: 3}
      propertyPath: canSetUnit
      value: 1
      objectReference: {fileID: 0}
    m_RemovedComponents: []
  m_SourcePrefab: {fileID: 100100000, guid: 08cb864b45307174d8ba72d8bc4296ec, type: 3}
--- !u!4 &2575484369125782665 stripped
Transform:
  m_CorrespondingSourceObject: {fileID: 2788689375642077275, guid: 08cb864b45307174d8ba72d8bc4296ec,
    type: 3}
  m_PrefabInstance: {fileID: 364403807995395282}
  m_PrefabAsset: {fileID: 0}
--- !u!1001 &1070949629956309665
PrefabInstance:
  m_ObjectHideFlags: 0
  serializedVersion: 2
  m_Modification:
    m_TransformParent: {fileID: 6706064504069898154}
    m_Modifications:
    - target: {fileID: 2788689375641916539, guid: 08cb864b45307174d8ba72d8bc4296ec,
        type: 3}
      propertyPath: m_Name
      value: wall-2 (102)
      objectReference: {fileID: 0}
    - target: {fileID: 2788689375642077275, guid: 08cb864b45307174d8ba72d8bc4296ec,
        type: 3}
      propertyPath: m_LocalPosition.x
      value: 14.020905
      objectReference: {fileID: 0}
    - target: {fileID: 2788689375642077275, guid: 08cb864b45307174d8ba72d8bc4296ec,
        type: 3}
      propertyPath: m_LocalPosition.y
      value: 19.88375
      objectReference: {fileID: 0}
    - target: {fileID: 2788689375642077275, guid: 08cb864b45307174d8ba72d8bc4296ec,
        type: 3}
      propertyPath: m_LocalPosition.z
      value: 1.9970675
      objectReference: {fileID: 0}
    - target: {fileID: 2788689375642077275, guid: 08cb864b45307174d8ba72d8bc4296ec,
        type: 3}
      propertyPath: m_LocalRotation.x
      value: -0
      objectReference: {fileID: 0}
    - target: {fileID: 2788689375642077275, guid: 08cb864b45307174d8ba72d8bc4296ec,
        type: 3}
      propertyPath: m_LocalRotation.y
      value: -0
      objectReference: {fileID: 0}
    - target: {fileID: 2788689375642077275, guid: 08cb864b45307174d8ba72d8bc4296ec,
        type: 3}
      propertyPath: m_LocalRotation.z
      value: -0
      objectReference: {fileID: 0}
    - target: {fileID: 2788689375642077275, guid: 08cb864b45307174d8ba72d8bc4296ec,
        type: 3}
      propertyPath: m_LocalRotation.w
      value: 1
      objectReference: {fileID: 0}
    - target: {fileID: 2788689375642077275, guid: 08cb864b45307174d8ba72d8bc4296ec,
        type: 3}
      propertyPath: m_RootOrder
      value: 13
      objectReference: {fileID: 0}
    - target: {fileID: 2788689375642077275, guid: 08cb864b45307174d8ba72d8bc4296ec,
        type: 3}
      propertyPath: m_LocalEulerAnglesHint.x
      value: 0
      objectReference: {fileID: 0}
    - target: {fileID: 2788689375642077275, guid: 08cb864b45307174d8ba72d8bc4296ec,
        type: 3}
      propertyPath: m_LocalEulerAnglesHint.y
      value: 0
      objectReference: {fileID: 0}
    - target: {fileID: 2788689375642077275, guid: 08cb864b45307174d8ba72d8bc4296ec,
        type: 3}
      propertyPath: m_LocalEulerAnglesHint.z
      value: 0
      objectReference: {fileID: 0}
    - target: {fileID: 868363230557726240, guid: 08cb864b45307174d8ba72d8bc4296ec,
        type: 3}
      propertyPath: canSetUnit
      value: 1
      objectReference: {fileID: 0}
    m_RemovedComponents: []
  m_SourcePrefab: {fileID: 100100000, guid: 08cb864b45307174d8ba72d8bc4296ec, type: 3}
--- !u!4 &2913737930867247866 stripped
Transform:
  m_CorrespondingSourceObject: {fileID: 2788689375642077275, guid: 08cb864b45307174d8ba72d8bc4296ec,
    type: 3}
  m_PrefabInstance: {fileID: 1070949629956309665}
  m_PrefabAsset: {fileID: 0}
--- !u!1001 &1801498276900700468
PrefabInstance:
  m_ObjectHideFlags: 0
  serializedVersion: 2
  m_Modification:
    m_TransformParent: {fileID: 6706064504069898154}
    m_Modifications:
    - target: {fileID: 2788689375641916539, guid: 08cb864b45307174d8ba72d8bc4296ec,
        type: 3}
      propertyPath: m_Name
      value: wall-2 (104)
      objectReference: {fileID: 0}
    - target: {fileID: 2788689375642077275, guid: 08cb864b45307174d8ba72d8bc4296ec,
        type: 3}
      propertyPath: m_LocalPosition.x
      value: 15.021
      objectReference: {fileID: 0}
    - target: {fileID: 2788689375642077275, guid: 08cb864b45307174d8ba72d8bc4296ec,
        type: 3}
      propertyPath: m_LocalPosition.y
      value: 19.88375
      objectReference: {fileID: 0}
    - target: {fileID: 2788689375642077275, guid: 08cb864b45307174d8ba72d8bc4296ec,
        type: 3}
      propertyPath: m_LocalPosition.z
      value: 0.99707
      objectReference: {fileID: 0}
    - target: {fileID: 2788689375642077275, guid: 08cb864b45307174d8ba72d8bc4296ec,
        type: 3}
      propertyPath: m_LocalRotation.x
      value: -0
      objectReference: {fileID: 0}
    - target: {fileID: 2788689375642077275, guid: 08cb864b45307174d8ba72d8bc4296ec,
        type: 3}
      propertyPath: m_LocalRotation.y
      value: -0
      objectReference: {fileID: 0}
    - target: {fileID: 2788689375642077275, guid: 08cb864b45307174d8ba72d8bc4296ec,
        type: 3}
      propertyPath: m_LocalRotation.z
      value: -0
      objectReference: {fileID: 0}
    - target: {fileID: 2788689375642077275, guid: 08cb864b45307174d8ba72d8bc4296ec,
        type: 3}
      propertyPath: m_LocalRotation.w
      value: 1
      objectReference: {fileID: 0}
    - target: {fileID: 2788689375642077275, guid: 08cb864b45307174d8ba72d8bc4296ec,
        type: 3}
      propertyPath: m_RootOrder
      value: 18
      objectReference: {fileID: 0}
    - target: {fileID: 2788689375642077275, guid: 08cb864b45307174d8ba72d8bc4296ec,
        type: 3}
      propertyPath: m_LocalEulerAnglesHint.x
      value: 0
      objectReference: {fileID: 0}
    - target: {fileID: 2788689375642077275, guid: 08cb864b45307174d8ba72d8bc4296ec,
        type: 3}
      propertyPath: m_LocalEulerAnglesHint.y
      value: 0
      objectReference: {fileID: 0}
    - target: {fileID: 2788689375642077275, guid: 08cb864b45307174d8ba72d8bc4296ec,
        type: 3}
      propertyPath: m_LocalEulerAnglesHint.z
      value: 0
      objectReference: {fileID: 0}
    - target: {fileID: 868363230557726240, guid: 08cb864b45307174d8ba72d8bc4296ec,
        type: 3}
      propertyPath: canSetUnit
      value: 1
      objectReference: {fileID: 0}
    m_RemovedComponents: []
  m_SourcePrefab: {fileID: 100100000, guid: 08cb864b45307174d8ba72d8bc4296ec, type: 3}
--- !u!4 &4590116989324249455 stripped
Transform:
  m_CorrespondingSourceObject: {fileID: 2788689375642077275, guid: 08cb864b45307174d8ba72d8bc4296ec,
    type: 3}
  m_PrefabInstance: {fileID: 1801498276900700468}
  m_PrefabAsset: {fileID: 0}
--- !u!1001 &3162176657495999422
PrefabInstance:
  m_ObjectHideFlags: 0
  serializedVersion: 2
  m_Modification:
    m_TransformParent: {fileID: 6706064504069898154}
    m_Modifications:
    - target: {fileID: 2788689375641916539, guid: 08cb864b45307174d8ba72d8bc4296ec,
        type: 3}
      propertyPath: m_Name
      value: wall-2 (80)
      objectReference: {fileID: 0}
    - target: {fileID: 2788689375642077275, guid: 08cb864b45307174d8ba72d8bc4296ec,
        type: 3}
      propertyPath: m_LocalPosition.x
      value: 16.020905
      objectReference: {fileID: 0}
    - target: {fileID: 2788689375642077275, guid: 08cb864b45307174d8ba72d8bc4296ec,
        type: 3}
      propertyPath: m_LocalPosition.y
      value: 19.88375
      objectReference: {fileID: 0}
    - target: {fileID: 2788689375642077275, guid: 08cb864b45307174d8ba72d8bc4296ec,
        type: 3}
      propertyPath: m_LocalPosition.z
      value: -0.0029325485
      objectReference: {fileID: 0}
    - target: {fileID: 2788689375642077275, guid: 08cb864b45307174d8ba72d8bc4296ec,
        type: 3}
      propertyPath: m_LocalRotation.x
      value: -0
      objectReference: {fileID: 0}
    - target: {fileID: 2788689375642077275, guid: 08cb864b45307174d8ba72d8bc4296ec,
        type: 3}
      propertyPath: m_LocalRotation.y
      value: -0
      objectReference: {fileID: 0}
    - target: {fileID: 2788689375642077275, guid: 08cb864b45307174d8ba72d8bc4296ec,
        type: 3}
      propertyPath: m_LocalRotation.z
      value: -0
      objectReference: {fileID: 0}
    - target: {fileID: 2788689375642077275, guid: 08cb864b45307174d8ba72d8bc4296ec,
        type: 3}
      propertyPath: m_LocalRotation.w
      value: 1
      objectReference: {fileID: 0}
    - target: {fileID: 2788689375642077275, guid: 08cb864b45307174d8ba72d8bc4296ec,
        type: 3}
      propertyPath: m_RootOrder
      value: 10
      objectReference: {fileID: 0}
    - target: {fileID: 2788689375642077275, guid: 08cb864b45307174d8ba72d8bc4296ec,
        type: 3}
      propertyPath: m_LocalEulerAnglesHint.x
      value: 0
      objectReference: {fileID: 0}
    - target: {fileID: 2788689375642077275, guid: 08cb864b45307174d8ba72d8bc4296ec,
        type: 3}
      propertyPath: m_LocalEulerAnglesHint.y
      value: 0
      objectReference: {fileID: 0}
    - target: {fileID: 2788689375642077275, guid: 08cb864b45307174d8ba72d8bc4296ec,
        type: 3}
      propertyPath: m_LocalEulerAnglesHint.z
      value: 0
      objectReference: {fileID: 0}
    - target: {fileID: 868363230557726240, guid: 08cb864b45307174d8ba72d8bc4296ec,
        type: 3}
      propertyPath: canSetUnit
      value: 1
      objectReference: {fileID: 0}
    m_RemovedComponents: []
  m_SourcePrefab: {fileID: 100100000, guid: 08cb864b45307174d8ba72d8bc4296ec, type: 3}
--- !u!4 &959588726325480421 stripped
Transform:
  m_CorrespondingSourceObject: {fileID: 2788689375642077275, guid: 08cb864b45307174d8ba72d8bc4296ec,
    type: 3}
  m_PrefabInstance: {fileID: 3162176657495999422}
  m_PrefabAsset: {fileID: 0}
--- !u!1001 &4858729450520148321
PrefabInstance:
  m_ObjectHideFlags: 0
  serializedVersion: 2
  m_Modification:
    m_TransformParent: {fileID: 6706064504069898154}
    m_Modifications:
    - target: {fileID: 2788689375641916539, guid: 08cb864b45307174d8ba72d8bc4296ec,
        type: 3}
      propertyPath: m_Name
      value: wall-2 (107)
      objectReference: {fileID: 0}
    - target: {fileID: 2788689375642077275, guid: 08cb864b45307174d8ba72d8bc4296ec,
        type: 3}
      propertyPath: m_LocalPosition.x
      value: 15.020996
      objectReference: {fileID: 0}
    - target: {fileID: 2788689375642077275, guid: 08cb864b45307174d8ba72d8bc4296ec,
        type: 3}
      propertyPath: m_LocalPosition.y
      value: 19.88375
      objectReference: {fileID: 0}
    - target: {fileID: 2788689375642077275, guid: 08cb864b45307174d8ba72d8bc4296ec,
        type: 3}
      propertyPath: m_LocalPosition.z
      value: -0.0029301643
      objectReference: {fileID: 0}
    - target: {fileID: 2788689375642077275, guid: 08cb864b45307174d8ba72d8bc4296ec,
        type: 3}
      propertyPath: m_LocalRotation.x
      value: -0
      objectReference: {fileID: 0}
    - target: {fileID: 2788689375642077275, guid: 08cb864b45307174d8ba72d8bc4296ec,
        type: 3}
      propertyPath: m_LocalRotation.y
      value: -0
      objectReference: {fileID: 0}
    - target: {fileID: 2788689375642077275, guid: 08cb864b45307174d8ba72d8bc4296ec,
        type: 3}
      propertyPath: m_LocalRotation.z
      value: -0
      objectReference: {fileID: 0}
    - target: {fileID: 2788689375642077275, guid: 08cb864b45307174d8ba72d8bc4296ec,
        type: 3}
      propertyPath: m_LocalRotation.w
      value: 1
      objectReference: {fileID: 0}
    - target: {fileID: 2788689375642077275, guid: 08cb864b45307174d8ba72d8bc4296ec,
        type: 3}
      propertyPath: m_RootOrder
      value: 20
      objectReference: {fileID: 0}
    - target: {fileID: 2788689375642077275, guid: 08cb864b45307174d8ba72d8bc4296ec,
        type: 3}
      propertyPath: m_LocalEulerAnglesHint.x
      value: 0
      objectReference: {fileID: 0}
    - target: {fileID: 2788689375642077275, guid: 08cb864b45307174d8ba72d8bc4296ec,
        type: 3}
      propertyPath: m_LocalEulerAnglesHint.y
      value: 0
      objectReference: {fileID: 0}
    - target: {fileID: 2788689375642077275, guid: 08cb864b45307174d8ba72d8bc4296ec,
        type: 3}
      propertyPath: m_LocalEulerAnglesHint.z
      value: 0
      objectReference: {fileID: 0}
    - target: {fileID: 868363230557726240, guid: 08cb864b45307174d8ba72d8bc4296ec,
        type: 3}
      propertyPath: canSetUnit
      value: 1
      objectReference: {fileID: 0}
    m_RemovedComponents: []
  m_SourcePrefab: {fileID: 100100000, guid: 08cb864b45307174d8ba72d8bc4296ec, type: 3}
--- !u!4 &7340522725883392314 stripped
Transform:
  m_CorrespondingSourceObject: {fileID: 2788689375642077275, guid: 08cb864b45307174d8ba72d8bc4296ec,
    type: 3}
  m_PrefabInstance: {fileID: 4858729450520148321}
  m_PrefabAsset: {fileID: 0}
--- !u!1001 &4875746876517833814
PrefabInstance:
  m_ObjectHideFlags: 0
  serializedVersion: 2
  m_Modification:
    m_TransformParent: {fileID: 6706064504069898154}
    m_Modifications:
    - target: {fileID: 2788689375641916539, guid: 08cb864b45307174d8ba72d8bc4296ec,
        type: 3}
      propertyPath: m_Name
      value: wall-2 (91)
      objectReference: {fileID: 0}
    - target: {fileID: 2788689375642077275, guid: 08cb864b45307174d8ba72d8bc4296ec,
        type: 3}
      propertyPath: m_LocalPosition.x
      value: 13.020905
      objectReference: {fileID: 0}
    - target: {fileID: 2788689375642077275, guid: 08cb864b45307174d8ba72d8bc4296ec,
        type: 3}
      propertyPath: m_LocalPosition.y
      value: 19.88375
      objectReference: {fileID: 0}
    - target: {fileID: 2788689375642077275, guid: 08cb864b45307174d8ba72d8bc4296ec,
        type: 3}
      propertyPath: m_LocalPosition.z
      value: 0.99706745
      objectReference: {fileID: 0}
    - target: {fileID: 2788689375642077275, guid: 08cb864b45307174d8ba72d8bc4296ec,
        type: 3}
      propertyPath: m_LocalRotation.x
      value: -0
      objectReference: {fileID: 0}
    - target: {fileID: 2788689375642077275, guid: 08cb864b45307174d8ba72d8bc4296ec,
        type: 3}
      propertyPath: m_LocalRotation.y
      value: -0
      objectReference: {fileID: 0}
    - target: {fileID: 2788689375642077275, guid: 08cb864b45307174d8ba72d8bc4296ec,
        type: 3}
      propertyPath: m_LocalRotation.z
      value: -0
      objectReference: {fileID: 0}
    - target: {fileID: 2788689375642077275, guid: 08cb864b45307174d8ba72d8bc4296ec,
        type: 3}
      propertyPath: m_LocalRotation.w
      value: 1
      objectReference: {fileID: 0}
    - target: {fileID: 2788689375642077275, guid: 08cb864b45307174d8ba72d8bc4296ec,
        type: 3}
      propertyPath: m_RootOrder
      value: 4
      objectReference: {fileID: 0}
    - target: {fileID: 2788689375642077275, guid: 08cb864b45307174d8ba72d8bc4296ec,
        type: 3}
      propertyPath: m_LocalEulerAnglesHint.x
      value: 0
      objectReference: {fileID: 0}
    - target: {fileID: 2788689375642077275, guid: 08cb864b45307174d8ba72d8bc4296ec,
        type: 3}
      propertyPath: m_LocalEulerAnglesHint.y
      value: 0
      objectReference: {fileID: 0}
    - target: {fileID: 2788689375642077275, guid: 08cb864b45307174d8ba72d8bc4296ec,
        type: 3}
      propertyPath: m_LocalEulerAnglesHint.z
      value: 0
      objectReference: {fileID: 0}
    - target: {fileID: 868363230557726240, guid: 08cb864b45307174d8ba72d8bc4296ec,
        type: 3}
      propertyPath: canSetUnit
      value: 1
      objectReference: {fileID: 0}
    m_RemovedComponents: []
  m_SourcePrefab: {fileID: 100100000, guid: 08cb864b45307174d8ba72d8bc4296ec, type: 3}
--- !u!4 &7284937185044567053 stripped
Transform:
  m_CorrespondingSourceObject: {fileID: 2788689375642077275, guid: 08cb864b45307174d8ba72d8bc4296ec,
    type: 3}
  m_PrefabInstance: {fileID: 4875746876517833814}
  m_PrefabAsset: {fileID: 0}
--- !u!1001 &4875746876785398010
PrefabInstance:
  m_ObjectHideFlags: 0
  serializedVersion: 2
  m_Modification:
    m_TransformParent: {fileID: 6706064504069898154}
    m_Modifications:
    - target: {fileID: 2788689375641916539, guid: 08cb864b45307174d8ba72d8bc4296ec,
        type: 3}
      propertyPath: m_Name
      value: wall-2 (53)
      objectReference: {fileID: 0}
    - target: {fileID: 2788689375642077275, guid: 08cb864b45307174d8ba72d8bc4296ec,
        type: 3}
      propertyPath: m_LocalPosition.x
      value: 15.521
      objectReference: {fileID: 0}
    - target: {fileID: 2788689375642077275, guid: 08cb864b45307174d8ba72d8bc4296ec,
        type: 3}
      propertyPath: m_LocalPosition.y
      value: 17.88375
      objectReference: {fileID: 0}
    - target: {fileID: 2788689375642077275, guid: 08cb864b45307174d8ba72d8bc4296ec,
        type: 3}
      propertyPath: m_LocalPosition.z
      value: -1.0029
      objectReference: {fileID: 0}
    - target: {fileID: 2788689375642077275, guid: 08cb864b45307174d8ba72d8bc4296ec,
        type: 3}
      propertyPath: m_LocalRotation.x
      value: -0
      objectReference: {fileID: 0}
    - target: {fileID: 2788689375642077275, guid: 08cb864b45307174d8ba72d8bc4296ec,
        type: 3}
      propertyPath: m_LocalRotation.y
      value: -0
      objectReference: {fileID: 0}
    - target: {fileID: 2788689375642077275, guid: 08cb864b45307174d8ba72d8bc4296ec,
        type: 3}
      propertyPath: m_LocalRotation.z
      value: -0
      objectReference: {fileID: 0}
    - target: {fileID: 2788689375642077275, guid: 08cb864b45307174d8ba72d8bc4296ec,
        type: 3}
      propertyPath: m_LocalRotation.w
      value: 1
      objectReference: {fileID: 0}
    - target: {fileID: 2788689375642077275, guid: 08cb864b45307174d8ba72d8bc4296ec,
        type: 3}
      propertyPath: m_RootOrder
      value: 2
      objectReference: {fileID: 0}
    - target: {fileID: 2788689375642077275, guid: 08cb864b45307174d8ba72d8bc4296ec,
        type: 3}
      propertyPath: m_LocalEulerAnglesHint.x
      value: 0
      objectReference: {fileID: 0}
    - target: {fileID: 2788689375642077275, guid: 08cb864b45307174d8ba72d8bc4296ec,
        type: 3}
      propertyPath: m_LocalEulerAnglesHint.y
      value: 0
      objectReference: {fileID: 0}
    - target: {fileID: 2788689375642077275, guid: 08cb864b45307174d8ba72d8bc4296ec,
        type: 3}
      propertyPath: m_LocalEulerAnglesHint.z
      value: 0
      objectReference: {fileID: 0}
    - target: {fileID: 2788689375642077275, guid: 08cb864b45307174d8ba72d8bc4296ec,
        type: 3}
      propertyPath: m_LocalScale.y
      value: 2
      objectReference: {fileID: 0}
    - target: {fileID: 2788689375642077275, guid: 08cb864b45307174d8ba72d8bc4296ec,
        type: 3}
      propertyPath: m_LocalScale.z
      value: 1
      objectReference: {fileID: 0}
    - target: {fileID: 2788689375642077275, guid: 08cb864b45307174d8ba72d8bc4296ec,
        type: 3}
      propertyPath: m_LocalScale.x
      value: 2
      objectReference: {fileID: 0}
    m_RemovedComponents: []
  m_SourcePrefab: {fileID: 100100000, guid: 08cb864b45307174d8ba72d8bc4296ec, type: 3}
--- !u!4 &7284937185312037025 stripped
Transform:
  m_CorrespondingSourceObject: {fileID: 2788689375642077275, guid: 08cb864b45307174d8ba72d8bc4296ec,
    type: 3}
  m_PrefabInstance: {fileID: 4875746876785398010}
  m_PrefabAsset: {fileID: 0}
--- !u!1001 &4875746876937601843
PrefabInstance:
  m_ObjectHideFlags: 0
  serializedVersion: 2
  m_Modification:
    m_TransformParent: {fileID: 6706064504069898154}
    m_Modifications:
    - target: {fileID: 2788689375641916539, guid: 08cb864b45307174d8ba72d8bc4296ec,
        type: 3}
      propertyPath: m_Name
      value: wall-2 (96)
      objectReference: {fileID: 0}
    - target: {fileID: 2788689375642077275, guid: 08cb864b45307174d8ba72d8bc4296ec,
        type: 3}
      propertyPath: m_LocalPosition.x
      value: 15.521
      objectReference: {fileID: 0}
    - target: {fileID: 2788689375642077275, guid: 08cb864b45307174d8ba72d8bc4296ec,
        type: 3}
      propertyPath: m_LocalPosition.y
      value: 19.88375
      objectReference: {fileID: 0}
    - target: {fileID: 2788689375642077275, guid: 08cb864b45307174d8ba72d8bc4296ec,
        type: 3}
      propertyPath: m_LocalPosition.z
      value: -1.0029
      objectReference: {fileID: 0}
    - target: {fileID: 2788689375642077275, guid: 08cb864b45307174d8ba72d8bc4296ec,
        type: 3}
      propertyPath: m_LocalRotation.x
      value: -0
      objectReference: {fileID: 0}
    - target: {fileID: 2788689375642077275, guid: 08cb864b45307174d8ba72d8bc4296ec,
        type: 3}
      propertyPath: m_LocalRotation.y
      value: -0
      objectReference: {fileID: 0}
    - target: {fileID: 2788689375642077275, guid: 08cb864b45307174d8ba72d8bc4296ec,
        type: 3}
      propertyPath: m_LocalRotation.z
      value: -0
      objectReference: {fileID: 0}
    - target: {fileID: 2788689375642077275, guid: 08cb864b45307174d8ba72d8bc4296ec,
        type: 3}
      propertyPath: m_LocalRotation.w
      value: 1
      objectReference: {fileID: 0}
    - target: {fileID: 2788689375642077275, guid: 08cb864b45307174d8ba72d8bc4296ec,
        type: 3}
      propertyPath: m_RootOrder
      value: 5
      objectReference: {fileID: 0}
    - target: {fileID: 2788689375642077275, guid: 08cb864b45307174d8ba72d8bc4296ec,
        type: 3}
      propertyPath: m_LocalEulerAnglesHint.x
      value: 0
      objectReference: {fileID: 0}
    - target: {fileID: 2788689375642077275, guid: 08cb864b45307174d8ba72d8bc4296ec,
        type: 3}
      propertyPath: m_LocalEulerAnglesHint.y
      value: 0
      objectReference: {fileID: 0}
    - target: {fileID: 2788689375642077275, guid: 08cb864b45307174d8ba72d8bc4296ec,
        type: 3}
      propertyPath: m_LocalEulerAnglesHint.z
      value: 0
      objectReference: {fileID: 0}
    - target: {fileID: 2788689375642077275, guid: 08cb864b45307174d8ba72d8bc4296ec,
        type: 3}
      propertyPath: m_LocalScale.y
      value: 2
      objectReference: {fileID: 0}
    - target: {fileID: 2788689375642077275, guid: 08cb864b45307174d8ba72d8bc4296ec,
        type: 3}
      propertyPath: m_LocalScale.z
      value: 1
      objectReference: {fileID: 0}
    - target: {fileID: 2788689375642077275, guid: 08cb864b45307174d8ba72d8bc4296ec,
        type: 3}
      propertyPath: m_LocalScale.x
      value: 2
      objectReference: {fileID: 0}
    m_RemovedComponents: []
  m_SourcePrefab: {fileID: 100100000, guid: 08cb864b45307174d8ba72d8bc4296ec, type: 3}
--- !u!4 &7284937185732283240 stripped
Transform:
  m_CorrespondingSourceObject: {fileID: 2788689375642077275, guid: 08cb864b45307174d8ba72d8bc4296ec,
    type: 3}
  m_PrefabInstance: {fileID: 4875746876937601843}
  m_PrefabAsset: {fileID: 0}
--- !u!1001 &4875746877089057587
PrefabInstance:
  m_ObjectHideFlags: 0
  serializedVersion: 2
  m_Modification:
    m_TransformParent: {fileID: 6706064504069898154}
    m_Modifications:
    - target: {fileID: 2788689375641916539, guid: 08cb864b45307174d8ba72d8bc4296ec,
        type: 3}
      propertyPath: m_Name
      value: wall-2 (98)
      objectReference: {fileID: 0}
    - target: {fileID: 2788689375642077275, guid: 08cb864b45307174d8ba72d8bc4296ec,
        type: 3}
      propertyPath: m_LocalPosition.x
      value: 13.020905
      objectReference: {fileID: 0}
    - target: {fileID: 2788689375642077275, guid: 08cb864b45307174d8ba72d8bc4296ec,
        type: 3}
      propertyPath: m_LocalPosition.y
      value: 19.88375
      objectReference: {fileID: 0}
    - target: {fileID: 2788689375642077275, guid: 08cb864b45307174d8ba72d8bc4296ec,
        type: 3}
      propertyPath: m_LocalPosition.z
      value: -0.0029325485
      objectReference: {fileID: 0}
    - target: {fileID: 2788689375642077275, guid: 08cb864b45307174d8ba72d8bc4296ec,
        type: 3}
      propertyPath: m_LocalRotation.x
      value: -0
      objectReference: {fileID: 0}
    - target: {fileID: 2788689375642077275, guid: 08cb864b45307174d8ba72d8bc4296ec,
        type: 3}
      propertyPath: m_LocalRotation.y
      value: -0
      objectReference: {fileID: 0}
    - target: {fileID: 2788689375642077275, guid: 08cb864b45307174d8ba72d8bc4296ec,
        type: 3}
      propertyPath: m_LocalRotation.z
      value: -0
      objectReference: {fileID: 0}
    - target: {fileID: 2788689375642077275, guid: 08cb864b45307174d8ba72d8bc4296ec,
        type: 3}
      propertyPath: m_LocalRotation.w
      value: 1
      objectReference: {fileID: 0}
    - target: {fileID: 2788689375642077275, guid: 08cb864b45307174d8ba72d8bc4296ec,
        type: 3}
      propertyPath: m_RootOrder
      value: 7
      objectReference: {fileID: 0}
    - target: {fileID: 2788689375642077275, guid: 08cb864b45307174d8ba72d8bc4296ec,
        type: 3}
      propertyPath: m_LocalEulerAnglesHint.x
      value: 0
      objectReference: {fileID: 0}
    - target: {fileID: 2788689375642077275, guid: 08cb864b45307174d8ba72d8bc4296ec,
        type: 3}
      propertyPath: m_LocalEulerAnglesHint.y
      value: 0
      objectReference: {fileID: 0}
    - target: {fileID: 2788689375642077275, guid: 08cb864b45307174d8ba72d8bc4296ec,
        type: 3}
      propertyPath: m_LocalEulerAnglesHint.z
      value: 0
      objectReference: {fileID: 0}
    - target: {fileID: 868363230557726240, guid: 08cb864b45307174d8ba72d8bc4296ec,
        type: 3}
      propertyPath: canSetUnit
      value: 1
      objectReference: {fileID: 0}
    m_RemovedComponents: []
  m_SourcePrefab: {fileID: 100100000, guid: 08cb864b45307174d8ba72d8bc4296ec, type: 3}
--- !u!4 &7284937185614119784 stripped
Transform:
  m_CorrespondingSourceObject: {fileID: 2788689375642077275, guid: 08cb864b45307174d8ba72d8bc4296ec,
    type: 3}
  m_PrefabInstance: {fileID: 4875746877089057587}
  m_PrefabAsset: {fileID: 0}
--- !u!1001 &4875746877096808896
PrefabInstance:
  m_ObjectHideFlags: 0
  serializedVersion: 2
  m_Modification:
    m_TransformParent: {fileID: 6706064504069898154}
    m_Modifications:
    - target: {fileID: 2788689375641916539, guid: 08cb864b45307174d8ba72d8bc4296ec,
        type: 3}
      propertyPath: m_Name
      value: wall-2 (54)
      objectReference: {fileID: 0}
    - target: {fileID: 2788689375642077275, guid: 08cb864b45307174d8ba72d8bc4296ec,
        type: 3}
      propertyPath: m_LocalPosition.x
      value: 13.521
      objectReference: {fileID: 0}
    - target: {fileID: 2788689375642077275, guid: 08cb864b45307174d8ba72d8bc4296ec,
        type: 3}
      propertyPath: m_LocalPosition.y
      value: 17.88375
      objectReference: {fileID: 0}
    - target: {fileID: 2788689375642077275, guid: 08cb864b45307174d8ba72d8bc4296ec,
        type: 3}
      propertyPath: m_LocalPosition.z
      value: -1.0029
      objectReference: {fileID: 0}
    - target: {fileID: 2788689375642077275, guid: 08cb864b45307174d8ba72d8bc4296ec,
        type: 3}
      propertyPath: m_LocalRotation.x
      value: -0
      objectReference: {fileID: 0}
    - target: {fileID: 2788689375642077275, guid: 08cb864b45307174d8ba72d8bc4296ec,
        type: 3}
      propertyPath: m_LocalRotation.y
      value: -0
      objectReference: {fileID: 0}
    - target: {fileID: 2788689375642077275, guid: 08cb864b45307174d8ba72d8bc4296ec,
        type: 3}
      propertyPath: m_LocalRotation.z
      value: -0
      objectReference: {fileID: 0}
    - target: {fileID: 2788689375642077275, guid: 08cb864b45307174d8ba72d8bc4296ec,
        type: 3}
      propertyPath: m_LocalRotation.w
      value: 1
      objectReference: {fileID: 0}
    - target: {fileID: 2788689375642077275, guid: 08cb864b45307174d8ba72d8bc4296ec,
        type: 3}
      propertyPath: m_RootOrder
      value: 3
      objectReference: {fileID: 0}
    - target: {fileID: 2788689375642077275, guid: 08cb864b45307174d8ba72d8bc4296ec,
        type: 3}
      propertyPath: m_LocalEulerAnglesHint.x
      value: 0
      objectReference: {fileID: 0}
    - target: {fileID: 2788689375642077275, guid: 08cb864b45307174d8ba72d8bc4296ec,
        type: 3}
      propertyPath: m_LocalEulerAnglesHint.y
      value: 0
      objectReference: {fileID: 0}
    - target: {fileID: 2788689375642077275, guid: 08cb864b45307174d8ba72d8bc4296ec,
        type: 3}
      propertyPath: m_LocalEulerAnglesHint.z
      value: 0
      objectReference: {fileID: 0}
    - target: {fileID: 2788689375642077275, guid: 08cb864b45307174d8ba72d8bc4296ec,
        type: 3}
      propertyPath: m_LocalScale.y
      value: 2
      objectReference: {fileID: 0}
    - target: {fileID: 2788689375642077275, guid: 08cb864b45307174d8ba72d8bc4296ec,
        type: 3}
      propertyPath: m_LocalScale.z
      value: 1
      objectReference: {fileID: 0}
    - target: {fileID: 2788689375642077275, guid: 08cb864b45307174d8ba72d8bc4296ec,
        type: 3}
      propertyPath: m_LocalScale.x
      value: 2
      objectReference: {fileID: 0}
    m_RemovedComponents: []
  m_SourcePrefab: {fileID: 100100000, guid: 08cb864b45307174d8ba72d8bc4296ec, type: 3}
--- !u!4 &7284937185891850651 stripped
Transform:
  m_CorrespondingSourceObject: {fileID: 2788689375642077275, guid: 08cb864b45307174d8ba72d8bc4296ec,
    type: 3}
  m_PrefabInstance: {fileID: 4875746877096808896}
  m_PrefabAsset: {fileID: 0}
--- !u!1001 &4875746877349201816
PrefabInstance:
  m_ObjectHideFlags: 0
  serializedVersion: 2
  m_Modification:
    m_TransformParent: {fileID: 6706064504069898154}
    m_Modifications:
    - target: {fileID: 2788689375641916539, guid: 08cb864b45307174d8ba72d8bc4296ec,
        type: 3}
      propertyPath: m_Name
      value: wall-2 (8)
      objectReference: {fileID: 0}
    - target: {fileID: 2788689375642077275, guid: 08cb864b45307174d8ba72d8bc4296ec,
        type: 3}
      propertyPath: m_LocalPosition.x
      value: 13.521
      objectReference: {fileID: 0}
    - target: {fileID: 2788689375642077275, guid: 08cb864b45307174d8ba72d8bc4296ec,
        type: 3}
      propertyPath: m_LocalPosition.y
      value: 15.883751
      objectReference: {fileID: 0}
    - target: {fileID: 2788689375642077275, guid: 08cb864b45307174d8ba72d8bc4296ec,
        type: 3}
      propertyPath: m_LocalPosition.z
      value: -1.0029
      objectReference: {fileID: 0}
    - target: {fileID: 2788689375642077275, guid: 08cb864b45307174d8ba72d8bc4296ec,
        type: 3}
      propertyPath: m_LocalRotation.x
      value: -0
      objectReference: {fileID: 0}
    - target: {fileID: 2788689375642077275, guid: 08cb864b45307174d8ba72d8bc4296ec,
        type: 3}
      propertyPath: m_LocalRotation.y
      value: -0
      objectReference: {fileID: 0}
    - target: {fileID: 2788689375642077275, guid: 08cb864b45307174d8ba72d8bc4296ec,
        type: 3}
      propertyPath: m_LocalRotation.z
      value: -0
      objectReference: {fileID: 0}
    - target: {fileID: 2788689375642077275, guid: 08cb864b45307174d8ba72d8bc4296ec,
        type: 3}
      propertyPath: m_LocalRotation.w
      value: 1
      objectReference: {fileID: 0}
    - target: {fileID: 2788689375642077275, guid: 08cb864b45307174d8ba72d8bc4296ec,
        type: 3}
      propertyPath: m_RootOrder
      value: 1
      objectReference: {fileID: 0}
    - target: {fileID: 2788689375642077275, guid: 08cb864b45307174d8ba72d8bc4296ec,
        type: 3}
      propertyPath: m_LocalEulerAnglesHint.x
      value: 0
      objectReference: {fileID: 0}
    - target: {fileID: 2788689375642077275, guid: 08cb864b45307174d8ba72d8bc4296ec,
        type: 3}
      propertyPath: m_LocalEulerAnglesHint.y
      value: 0
      objectReference: {fileID: 0}
    - target: {fileID: 2788689375642077275, guid: 08cb864b45307174d8ba72d8bc4296ec,
        type: 3}
      propertyPath: m_LocalEulerAnglesHint.z
      value: 0
      objectReference: {fileID: 0}
    - target: {fileID: 2788689375642077275, guid: 08cb864b45307174d8ba72d8bc4296ec,
        type: 3}
      propertyPath: m_LocalScale.y
      value: 2
      objectReference: {fileID: 0}
    - target: {fileID: 2788689375642077275, guid: 08cb864b45307174d8ba72d8bc4296ec,
        type: 3}
      propertyPath: m_LocalScale.z
      value: 1
      objectReference: {fileID: 0}
    - target: {fileID: 2788689375642077275, guid: 08cb864b45307174d8ba72d8bc4296ec,
        type: 3}
      propertyPath: m_LocalScale.x
      value: 2
      objectReference: {fileID: 0}
    m_RemovedComponents: []
  m_SourcePrefab: {fileID: 100100000, guid: 08cb864b45307174d8ba72d8bc4296ec, type: 3}
--- !u!4 &7284937185874399171 stripped
Transform:
  m_CorrespondingSourceObject: {fileID: 2788689375642077275, guid: 08cb864b45307174d8ba72d8bc4296ec,
    type: 3}
  m_PrefabInstance: {fileID: 4875746877349201816}
  m_PrefabAsset: {fileID: 0}
--- !u!1001 &4875746877368217976
PrefabInstance:
  m_ObjectHideFlags: 0
  serializedVersion: 2
  m_Modification:
    m_TransformParent: {fileID: 6706064504069898154}
    m_Modifications:
    - target: {fileID: 2788689375641916539, guid: 08cb864b45307174d8ba72d8bc4296ec,
        type: 3}
      propertyPath: m_Name
      value: wall-2 (97)
      objectReference: {fileID: 0}
    - target: {fileID: 2788689375642077275, guid: 08cb864b45307174d8ba72d8bc4296ec,
        type: 3}
      propertyPath: m_LocalPosition.x
      value: 13.521
      objectReference: {fileID: 0}
    - target: {fileID: 2788689375642077275, guid: 08cb864b45307174d8ba72d8bc4296ec,
        type: 3}
      propertyPath: m_LocalPosition.y
      value: 19.88375
      objectReference: {fileID: 0}
    - target: {fileID: 2788689375642077275, guid: 08cb864b45307174d8ba72d8bc4296ec,
        type: 3}
      propertyPath: m_LocalPosition.z
      value: -1.0029
      objectReference: {fileID: 0}
    - target: {fileID: 2788689375642077275, guid: 08cb864b45307174d8ba72d8bc4296ec,
        type: 3}
      propertyPath: m_LocalRotation.x
      value: -0
      objectReference: {fileID: 0}
    - target: {fileID: 2788689375642077275, guid: 08cb864b45307174d8ba72d8bc4296ec,
        type: 3}
      propertyPath: m_LocalRotation.y
      value: -0
      objectReference: {fileID: 0}
    - target: {fileID: 2788689375642077275, guid: 08cb864b45307174d8ba72d8bc4296ec,
        type: 3}
      propertyPath: m_LocalRotation.z
      value: -0
      objectReference: {fileID: 0}
    - target: {fileID: 2788689375642077275, guid: 08cb864b45307174d8ba72d8bc4296ec,
        type: 3}
      propertyPath: m_LocalRotation.w
      value: 1
      objectReference: {fileID: 0}
    - target: {fileID: 2788689375642077275, guid: 08cb864b45307174d8ba72d8bc4296ec,
        type: 3}
      propertyPath: m_RootOrder
      value: 6
      objectReference: {fileID: 0}
    - target: {fileID: 2788689375642077275, guid: 08cb864b45307174d8ba72d8bc4296ec,
        type: 3}
      propertyPath: m_LocalEulerAnglesHint.x
      value: 0
      objectReference: {fileID: 0}
    - target: {fileID: 2788689375642077275, guid: 08cb864b45307174d8ba72d8bc4296ec,
        type: 3}
      propertyPath: m_LocalEulerAnglesHint.y
      value: 0
      objectReference: {fileID: 0}
    - target: {fileID: 2788689375642077275, guid: 08cb864b45307174d8ba72d8bc4296ec,
        type: 3}
      propertyPath: m_LocalEulerAnglesHint.z
      value: 0
      objectReference: {fileID: 0}
    - target: {fileID: 2788689375642077275, guid: 08cb864b45307174d8ba72d8bc4296ec,
        type: 3}
      propertyPath: m_LocalScale.y
      value: 2
      objectReference: {fileID: 0}
    - target: {fileID: 2788689375642077275, guid: 08cb864b45307174d8ba72d8bc4296ec,
        type: 3}
      propertyPath: m_LocalScale.z
      value: 1
      objectReference: {fileID: 0}
    - target: {fileID: 2788689375642077275, guid: 08cb864b45307174d8ba72d8bc4296ec,
        type: 3}
      propertyPath: m_LocalScale.x
      value: 2
      objectReference: {fileID: 0}
    m_RemovedComponents: []
  m_SourcePrefab: {fileID: 100100000, guid: 08cb864b45307174d8ba72d8bc4296ec, type: 3}
--- !u!4 &7284937184015939875 stripped
Transform:
  m_CorrespondingSourceObject: {fileID: 2788689375642077275, guid: 08cb864b45307174d8ba72d8bc4296ec,
    type: 3}
  m_PrefabInstance: {fileID: 4875746877368217976}
  m_PrefabAsset: {fileID: 0}
--- !u!1001 &4875746877816667969
PrefabInstance:
  m_ObjectHideFlags: 0
  serializedVersion: 2
  m_Modification:
    m_TransformParent: {fileID: 6706064504069898154}
    m_Modifications:
    - target: {fileID: 2788689375641916539, guid: 08cb864b45307174d8ba72d8bc4296ec,
        type: 3}
      propertyPath: m_Name
      value: wall-2 (99)
      objectReference: {fileID: 0}
    - target: {fileID: 2788689375642077275, guid: 08cb864b45307174d8ba72d8bc4296ec,
        type: 3}
      propertyPath: m_LocalPosition.x
      value: 13.020905
      objectReference: {fileID: 0}
    - target: {fileID: 2788689375642077275, guid: 08cb864b45307174d8ba72d8bc4296ec,
        type: 3}
      propertyPath: m_LocalPosition.y
      value: 19.88375
      objectReference: {fileID: 0}
    - target: {fileID: 2788689375642077275, guid: 08cb864b45307174d8ba72d8bc4296ec,
        type: 3}
      propertyPath: m_LocalPosition.z
      value: 1.9970675
      objectReference: {fileID: 0}
    - target: {fileID: 2788689375642077275, guid: 08cb864b45307174d8ba72d8bc4296ec,
        type: 3}
      propertyPath: m_LocalRotation.x
      value: -0
      objectReference: {fileID: 0}
    - target: {fileID: 2788689375642077275, guid: 08cb864b45307174d8ba72d8bc4296ec,
        type: 3}
      propertyPath: m_LocalRotation.y
      value: -0
      objectReference: {fileID: 0}
    - target: {fileID: 2788689375642077275, guid: 08cb864b45307174d8ba72d8bc4296ec,
        type: 3}
      propertyPath: m_LocalRotation.z
      value: -0
      objectReference: {fileID: 0}
    - target: {fileID: 2788689375642077275, guid: 08cb864b45307174d8ba72d8bc4296ec,
        type: 3}
      propertyPath: m_LocalRotation.w
      value: 1
      objectReference: {fileID: 0}
    - target: {fileID: 2788689375642077275, guid: 08cb864b45307174d8ba72d8bc4296ec,
        type: 3}
      propertyPath: m_RootOrder
      value: 8
      objectReference: {fileID: 0}
    - target: {fileID: 2788689375642077275, guid: 08cb864b45307174d8ba72d8bc4296ec,
        type: 3}
      propertyPath: m_LocalEulerAnglesHint.x
      value: 0
      objectReference: {fileID: 0}
    - target: {fileID: 2788689375642077275, guid: 08cb864b45307174d8ba72d8bc4296ec,
        type: 3}
      propertyPath: m_LocalEulerAnglesHint.y
      value: 0
      objectReference: {fileID: 0}
    - target: {fileID: 2788689375642077275, guid: 08cb864b45307174d8ba72d8bc4296ec,
        type: 3}
      propertyPath: m_LocalEulerAnglesHint.z
      value: 0
      objectReference: {fileID: 0}
    - target: {fileID: 868363230557726240, guid: 08cb864b45307174d8ba72d8bc4296ec,
        type: 3}
      propertyPath: canSetUnit
      value: 1
      objectReference: {fileID: 0}
    m_RemovedComponents: []
  m_SourcePrefab: {fileID: 100100000, guid: 08cb864b45307174d8ba72d8bc4296ec, type: 3}
--- !u!4 &7284937184194737946 stripped
Transform:
  m_CorrespondingSourceObject: {fileID: 2788689375642077275, guid: 08cb864b45307174d8ba72d8bc4296ec,
    type: 3}
  m_PrefabInstance: {fileID: 4875746877816667969}
  m_PrefabAsset: {fileID: 0}
--- !u!1001 &4875746878147070617
PrefabInstance:
  m_ObjectHideFlags: 0
  serializedVersion: 2
  m_Modification:
    m_TransformParent: {fileID: 6706064504069898154}
    m_Modifications:
    - target: {fileID: 2788689375641916539, guid: 08cb864b45307174d8ba72d8bc4296ec,
        type: 3}
      propertyPath: m_Name
      value: wall-2 (6)
      objectReference: {fileID: 0}
    - target: {fileID: 2788689375642077275, guid: 08cb864b45307174d8ba72d8bc4296ec,
        type: 3}
      propertyPath: m_LocalPosition.x
      value: 15.521
      objectReference: {fileID: 0}
    - target: {fileID: 2788689375642077275, guid: 08cb864b45307174d8ba72d8bc4296ec,
        type: 3}
      propertyPath: m_LocalPosition.y
      value: 15.883751
      objectReference: {fileID: 0}
    - target: {fileID: 2788689375642077275, guid: 08cb864b45307174d8ba72d8bc4296ec,
        type: 3}
      propertyPath: m_LocalPosition.z
      value: -1.0029
      objectReference: {fileID: 0}
    - target: {fileID: 2788689375642077275, guid: 08cb864b45307174d8ba72d8bc4296ec,
        type: 3}
      propertyPath: m_LocalRotation.x
      value: -0
      objectReference: {fileID: 0}
    - target: {fileID: 2788689375642077275, guid: 08cb864b45307174d8ba72d8bc4296ec,
        type: 3}
      propertyPath: m_LocalRotation.y
      value: -0
      objectReference: {fileID: 0}
    - target: {fileID: 2788689375642077275, guid: 08cb864b45307174d8ba72d8bc4296ec,
        type: 3}
      propertyPath: m_LocalRotation.z
      value: -0
      objectReference: {fileID: 0}
    - target: {fileID: 2788689375642077275, guid: 08cb864b45307174d8ba72d8bc4296ec,
        type: 3}
      propertyPath: m_LocalRotation.w
      value: 1
      objectReference: {fileID: 0}
    - target: {fileID: 2788689375642077275, guid: 08cb864b45307174d8ba72d8bc4296ec,
        type: 3}
      propertyPath: m_RootOrder
      value: 0
      objectReference: {fileID: 0}
    - target: {fileID: 2788689375642077275, guid: 08cb864b45307174d8ba72d8bc4296ec,
        type: 3}
      propertyPath: m_LocalEulerAnglesHint.x
      value: 0
      objectReference: {fileID: 0}
    - target: {fileID: 2788689375642077275, guid: 08cb864b45307174d8ba72d8bc4296ec,
        type: 3}
      propertyPath: m_LocalEulerAnglesHint.y
      value: 0
      objectReference: {fileID: 0}
    - target: {fileID: 2788689375642077275, guid: 08cb864b45307174d8ba72d8bc4296ec,
        type: 3}
      propertyPath: m_LocalEulerAnglesHint.z
      value: 0
      objectReference: {fileID: 0}
    - target: {fileID: 2788689375642077275, guid: 08cb864b45307174d8ba72d8bc4296ec,
        type: 3}
      propertyPath: m_LocalScale.y
      value: 2
      objectReference: {fileID: 0}
    - target: {fileID: 2788689375642077275, guid: 08cb864b45307174d8ba72d8bc4296ec,
        type: 3}
      propertyPath: m_LocalScale.z
      value: 1
      objectReference: {fileID: 0}
    - target: {fileID: 2788689375642077275, guid: 08cb864b45307174d8ba72d8bc4296ec,
        type: 3}
      propertyPath: m_LocalScale.x
      value: 2
      objectReference: {fileID: 0}
    m_RemovedComponents: []
  m_SourcePrefab: {fileID: 100100000, guid: 08cb864b45307174d8ba72d8bc4296ec, type: 3}
--- !u!4 &7284937184524649154 stripped
Transform:
  m_CorrespondingSourceObject: {fileID: 2788689375642077275, guid: 08cb864b45307174d8ba72d8bc4296ec,
    type: 3}
  m_PrefabInstance: {fileID: 4875746878147070617}
  m_PrefabAsset: {fileID: 0}
--- !u!1001 &5084697551244354492
PrefabInstance:
  m_ObjectHideFlags: 0
  serializedVersion: 2
  m_Modification:
    m_TransformParent: {fileID: 6706064504069898154}
    m_Modifications:
    - target: {fileID: 7430100271088076383, guid: 24f7d267660116747aca1d4324ee99e3,
        type: 3}
      propertyPath: m_Name
      value: roof-0 (2)
      objectReference: {fileID: 0}
    - target: {fileID: 7430100271087917695, guid: 24f7d267660116747aca1d4324ee99e3,
        type: 3}
      propertyPath: m_LocalPosition.x
      value: 12.960907
      objectReference: {fileID: 0}
    - target: {fileID: 7430100271087917695, guid: 24f7d267660116747aca1d4324ee99e3,
        type: 3}
      propertyPath: m_LocalPosition.y
      value: 21.82125
      objectReference: {fileID: 0}
    - target: {fileID: 7430100271087917695, guid: 24f7d267660116747aca1d4324ee99e3,
        type: 3}
      propertyPath: m_LocalPosition.z
      value: -1.0654325
      objectReference: {fileID: 0}
    - target: {fileID: 7430100271087917695, guid: 24f7d267660116747aca1d4324ee99e3,
        type: 3}
      propertyPath: m_LocalRotation.x
      value: -0
      objectReference: {fileID: 0}
    - target: {fileID: 7430100271087917695, guid: 24f7d267660116747aca1d4324ee99e3,
        type: 3}
      propertyPath: m_LocalRotation.y
      value: -0
      objectReference: {fileID: 0}
    - target: {fileID: 7430100271087917695, guid: 24f7d267660116747aca1d4324ee99e3,
        type: 3}
      propertyPath: m_LocalRotation.z
      value: -0
      objectReference: {fileID: 0}
    - target: {fileID: 7430100271087917695, guid: 24f7d267660116747aca1d4324ee99e3,
        type: 3}
      propertyPath: m_LocalRotation.w
      value: 1
      objectReference: {fileID: 0}
    - target: {fileID: 7430100271087917695, guid: 24f7d267660116747aca1d4324ee99e3,
        type: 3}
      propertyPath: m_RootOrder
      value: 14
      objectReference: {fileID: 0}
    - target: {fileID: 7430100271087917695, guid: 24f7d267660116747aca1d4324ee99e3,
        type: 3}
      propertyPath: m_LocalEulerAnglesHint.x
      value: 0
      objectReference: {fileID: 0}
    - target: {fileID: 7430100271087917695, guid: 24f7d267660116747aca1d4324ee99e3,
        type: 3}
      propertyPath: m_LocalEulerAnglesHint.y
      value: 0
      objectReference: {fileID: 0}
    - target: {fileID: 7430100271087917695, guid: 24f7d267660116747aca1d4324ee99e3,
        type: 3}
      propertyPath: m_LocalEulerAnglesHint.z
      value: 0
      objectReference: {fileID: 0}
    m_RemovedComponents: []
  m_SourcePrefab: {fileID: 100100000, guid: 24f7d267660116747aca1d4324ee99e3, type: 3}
--- !u!4 &2417726766137047491 stripped
Transform:
  m_CorrespondingSourceObject: {fileID: 7430100271087917695, guid: 24f7d267660116747aca1d4324ee99e3,
    type: 3}
  m_PrefabInstance: {fileID: 5084697551244354492}
  m_PrefabAsset: {fileID: 0}
--- !u!1001 &5443391207553050224
PrefabInstance:
  m_ObjectHideFlags: 0
  serializedVersion: 2
  m_Modification:
    m_TransformParent: {fileID: 6706064504069898154}
    m_Modifications:
    - target: {fileID: 2788689375641916539, guid: 08cb864b45307174d8ba72d8bc4296ec,
        type: 3}
      propertyPath: m_Name
      value: wall-2 (105)
      objectReference: {fileID: 0}
    - target: {fileID: 2788689375642077275, guid: 08cb864b45307174d8ba72d8bc4296ec,
        type: 3}
      propertyPath: m_LocalPosition.x
      value: 14.020905
      objectReference: {fileID: 0}
    - target: {fileID: 2788689375642077275, guid: 08cb864b45307174d8ba72d8bc4296ec,
        type: 3}
      propertyPath: m_LocalPosition.y
      value: 19.88375
      objectReference: {fileID: 0}
    - target: {fileID: 2788689375642077275, guid: 08cb864b45307174d8ba72d8bc4296ec,
        type: 3}
      propertyPath: m_LocalPosition.z
      value: -0.0029302
      objectReference: {fileID: 0}
    - target: {fileID: 2788689375642077275, guid: 08cb864b45307174d8ba72d8bc4296ec,
        type: 3}
      propertyPath: m_LocalRotation.x
      value: -0
      objectReference: {fileID: 0}
    - target: {fileID: 2788689375642077275, guid: 08cb864b45307174d8ba72d8bc4296ec,
        type: 3}
      propertyPath: m_LocalRotation.y
      value: -0
      objectReference: {fileID: 0}
    - target: {fileID: 2788689375642077275, guid: 08cb864b45307174d8ba72d8bc4296ec,
        type: 3}
      propertyPath: m_LocalRotation.z
      value: -0
      objectReference: {fileID: 0}
    - target: {fileID: 2788689375642077275, guid: 08cb864b45307174d8ba72d8bc4296ec,
        type: 3}
      propertyPath: m_LocalRotation.w
      value: 1
      objectReference: {fileID: 0}
    - target: {fileID: 2788689375642077275, guid: 08cb864b45307174d8ba72d8bc4296ec,
        type: 3}
      propertyPath: m_RootOrder
      value: 19
      objectReference: {fileID: 0}
    - target: {fileID: 2788689375642077275, guid: 08cb864b45307174d8ba72d8bc4296ec,
        type: 3}
      propertyPath: m_LocalEulerAnglesHint.x
      value: 0
      objectReference: {fileID: 0}
    - target: {fileID: 2788689375642077275, guid: 08cb864b45307174d8ba72d8bc4296ec,
        type: 3}
      propertyPath: m_LocalEulerAnglesHint.y
      value: 0
      objectReference: {fileID: 0}
    - target: {fileID: 2788689375642077275, guid: 08cb864b45307174d8ba72d8bc4296ec,
        type: 3}
      propertyPath: m_LocalEulerAnglesHint.z
      value: 0
      objectReference: {fileID: 0}
    - target: {fileID: 868363230557726240, guid: 08cb864b45307174d8ba72d8bc4296ec,
        type: 3}
      propertyPath: canSetUnit
      value: 1
      objectReference: {fileID: 0}
    m_RemovedComponents: []
  m_SourcePrefab: {fileID: 100100000, guid: 08cb864b45307174d8ba72d8bc4296ec, type: 3}
--- !u!4 &7870503521519562283 stripped
Transform:
  m_CorrespondingSourceObject: {fileID: 2788689375642077275, guid: 08cb864b45307174d8ba72d8bc4296ec,
    type: 3}
  m_PrefabInstance: {fileID: 5443391207553050224}
  m_PrefabAsset: {fileID: 0}
--- !u!1001 &6237223414302283429
PrefabInstance:
  m_ObjectHideFlags: 0
  serializedVersion: 2
  m_Modification:
    m_TransformParent: {fileID: 6706064504069898154}
    m_Modifications:
    - target: {fileID: 7430100271088076383, guid: 24f7d267660116747aca1d4324ee99e3,
        type: 3}
      propertyPath: m_Name
      value: roof-0 (3)
      objectReference: {fileID: 0}
    - target: {fileID: 7430100271087917695, guid: 24f7d267660116747aca1d4324ee99e3,
        type: 3}
      propertyPath: m_LocalPosition.x
      value: 16.020905
      objectReference: {fileID: 0}
    - target: {fileID: 7430100271087917695, guid: 24f7d267660116747aca1d4324ee99e3,
        type: 3}
      propertyPath: m_LocalPosition.y
      value: 21.88375
      objectReference: {fileID: 0}
    - target: {fileID: 7430100271087917695, guid: 24f7d267660116747aca1d4324ee99e3,
        type: 3}
      propertyPath: m_LocalPosition.z
      value: -1.0029325
      objectReference: {fileID: 0}
    - target: {fileID: 7430100271087917695, guid: 24f7d267660116747aca1d4324ee99e3,
        type: 3}
      propertyPath: m_LocalRotation.x
      value: -0
      objectReference: {fileID: 0}
    - target: {fileID: 7430100271087917695, guid: 24f7d267660116747aca1d4324ee99e3,
        type: 3}
      propertyPath: m_LocalRotation.y
      value: -0
      objectReference: {fileID: 0}
    - target: {fileID: 7430100271087917695, guid: 24f7d267660116747aca1d4324ee99e3,
        type: 3}
      propertyPath: m_LocalRotation.z
      value: -0
      objectReference: {fileID: 0}
    - target: {fileID: 7430100271087917695, guid: 24f7d267660116747aca1d4324ee99e3,
        type: 3}
      propertyPath: m_LocalRotation.w
      value: 1
      objectReference: {fileID: 0}
    - target: {fileID: 7430100271087917695, guid: 24f7d267660116747aca1d4324ee99e3,
        type: 3}
      propertyPath: m_RootOrder
      value: 15
      objectReference: {fileID: 0}
    - target: {fileID: 7430100271087917695, guid: 24f7d267660116747aca1d4324ee99e3,
        type: 3}
      propertyPath: m_LocalEulerAnglesHint.x
      value: 0
      objectReference: {fileID: 0}
    - target: {fileID: 7430100271087917695, guid: 24f7d267660116747aca1d4324ee99e3,
        type: 3}
      propertyPath: m_LocalEulerAnglesHint.y
      value: 0
      objectReference: {fileID: 0}
    - target: {fileID: 7430100271087917695, guid: 24f7d267660116747aca1d4324ee99e3,
        type: 3}
      propertyPath: m_LocalEulerAnglesHint.z
      value: 0
      objectReference: {fileID: 0}
    m_RemovedComponents: []
  m_SourcePrefab: {fileID: 100100000, guid: 24f7d267660116747aca1d4324ee99e3, type: 3}
--- !u!4 &3571941036739923162 stripped
Transform:
  m_CorrespondingSourceObject: {fileID: 7430100271087917695, guid: 24f7d267660116747aca1d4324ee99e3,
    type: 3}
  m_PrefabInstance: {fileID: 6237223414302283429}
  m_PrefabAsset: {fileID: 0}
--- !u!1001 &8591713924645817552
PrefabInstance:
  m_ObjectHideFlags: 0
  serializedVersion: 2
  m_Modification:
    m_TransformParent: {fileID: 6706064504069898154}
    m_Modifications:
    - target: {fileID: 2788689375641916539, guid: 08cb864b45307174d8ba72d8bc4296ec,
        type: 3}
      propertyPath: m_Name
      value: wall-2 (72)
      objectReference: {fileID: 0}
    - target: {fileID: 2788689375642077275, guid: 08cb864b45307174d8ba72d8bc4296ec,
        type: 3}
      propertyPath: m_LocalPosition.x
      value: 16.020905
      objectReference: {fileID: 0}
    - target: {fileID: 2788689375642077275, guid: 08cb864b45307174d8ba72d8bc4296ec,
        type: 3}
      propertyPath: m_LocalPosition.y
      value: 19.88375
      objectReference: {fileID: 0}
    - target: {fileID: 2788689375642077275, guid: 08cb864b45307174d8ba72d8bc4296ec,
        type: 3}
      propertyPath: m_LocalPosition.z
      value: 0.99706745
      objectReference: {fileID: 0}
    - target: {fileID: 2788689375642077275, guid: 08cb864b45307174d8ba72d8bc4296ec,
        type: 3}
      propertyPath: m_LocalRotation.x
      value: -0
      objectReference: {fileID: 0}
    - target: {fileID: 2788689375642077275, guid: 08cb864b45307174d8ba72d8bc4296ec,
        type: 3}
      propertyPath: m_LocalRotation.y
      value: -0
      objectReference: {fileID: 0}
    - target: {fileID: 2788689375642077275, guid: 08cb864b45307174d8ba72d8bc4296ec,
        type: 3}
      propertyPath: m_LocalRotation.z
      value: -0
      objectReference: {fileID: 0}
    - target: {fileID: 2788689375642077275, guid: 08cb864b45307174d8ba72d8bc4296ec,
        type: 3}
      propertyPath: m_LocalRotation.w
      value: 1
      objectReference: {fileID: 0}
    - target: {fileID: 2788689375642077275, guid: 08cb864b45307174d8ba72d8bc4296ec,
        type: 3}
      propertyPath: m_RootOrder
      value: 9
      objectReference: {fileID: 0}
    - target: {fileID: 2788689375642077275, guid: 08cb864b45307174d8ba72d8bc4296ec,
        type: 3}
      propertyPath: m_LocalEulerAnglesHint.x
      value: 0
      objectReference: {fileID: 0}
    - target: {fileID: 2788689375642077275, guid: 08cb864b45307174d8ba72d8bc4296ec,
        type: 3}
      propertyPath: m_LocalEulerAnglesHint.y
      value: 0
      objectReference: {fileID: 0}
    - target: {fileID: 2788689375642077275, guid: 08cb864b45307174d8ba72d8bc4296ec,
        type: 3}
      propertyPath: m_LocalEulerAnglesHint.z
      value: 0
      objectReference: {fileID: 0}
    - target: {fileID: 868363230557726240, guid: 08cb864b45307174d8ba72d8bc4296ec,
        type: 3}
      propertyPath: canSetUnit
      value: 1
      objectReference: {fileID: 0}
    m_RemovedComponents: []
  m_SourcePrefab: {fileID: 100100000, guid: 08cb864b45307174d8ba72d8bc4296ec, type: 3}
--- !u!4 &5875100184052483211 stripped
Transform:
  m_CorrespondingSourceObject: {fileID: 2788689375642077275, guid: 08cb864b45307174d8ba72d8bc4296ec,
    type: 3}
  m_PrefabInstance: {fileID: 8591713924645817552}
  m_PrefabAsset: {fileID: 0}
--- !u!1001 &8770689231590123532
PrefabInstance:
  m_ObjectHideFlags: 0
  serializedVersion: 2
  m_Modification:
    m_TransformParent: {fileID: 6706064504069898154}
    m_Modifications:
    - target: {fileID: 2788689375641916539, guid: 08cb864b45307174d8ba72d8bc4296ec,
        type: 3}
      propertyPath: m_Name
      value: wall-2 (103)
      objectReference: {fileID: 0}
    - target: {fileID: 2788689375642077275, guid: 08cb864b45307174d8ba72d8bc4296ec,
        type: 3}
      propertyPath: m_LocalPosition.x
      value: 14.020905
      objectReference: {fileID: 0}
    - target: {fileID: 2788689375642077275, guid: 08cb864b45307174d8ba72d8bc4296ec,
        type: 3}
      propertyPath: m_LocalPosition.y
      value: 19.88375
      objectReference: {fileID: 0}
    - target: {fileID: 2788689375642077275, guid: 08cb864b45307174d8ba72d8bc4296ec,
        type: 3}
      propertyPath: m_LocalPosition.z
      value: 0.99707
      objectReference: {fileID: 0}
    - target: {fileID: 2788689375642077275, guid: 08cb864b45307174d8ba72d8bc4296ec,
        type: 3}
      propertyPath: m_LocalRotation.x
      value: -0
      objectReference: {fileID: 0}
    - target: {fileID: 2788689375642077275, guid: 08cb864b45307174d8ba72d8bc4296ec,
        type: 3}
      propertyPath: m_LocalRotation.y
      value: -0
      objectReference: {fileID: 0}
    - target: {fileID: 2788689375642077275, guid: 08cb864b45307174d8ba72d8bc4296ec,
        type: 3}
      propertyPath: m_LocalRotation.z
      value: -0
      objectReference: {fileID: 0}
    - target: {fileID: 2788689375642077275, guid: 08cb864b45307174d8ba72d8bc4296ec,
        type: 3}
      propertyPath: m_LocalRotation.w
      value: 1
      objectReference: {fileID: 0}
    - target: {fileID: 2788689375642077275, guid: 08cb864b45307174d8ba72d8bc4296ec,
        type: 3}
      propertyPath: m_RootOrder
      value: 17
      objectReference: {fileID: 0}
    - target: {fileID: 2788689375642077275, guid: 08cb864b45307174d8ba72d8bc4296ec,
        type: 3}
      propertyPath: m_LocalEulerAnglesHint.x
      value: 0
      objectReference: {fileID: 0}
    - target: {fileID: 2788689375642077275, guid: 08cb864b45307174d8ba72d8bc4296ec,
        type: 3}
      propertyPath: m_LocalEulerAnglesHint.y
      value: 0
      objectReference: {fileID: 0}
    - target: {fileID: 2788689375642077275, guid: 08cb864b45307174d8ba72d8bc4296ec,
        type: 3}
      propertyPath: m_LocalEulerAnglesHint.z
      value: 0
      objectReference: {fileID: 0}
    - target: {fileID: 868363230557726240, guid: 08cb864b45307174d8ba72d8bc4296ec,
        type: 3}
      propertyPath: canSetUnit
      value: 1
      objectReference: {fileID: 0}
    m_RemovedComponents: []
  m_SourcePrefab: {fileID: 100100000, guid: 08cb864b45307174d8ba72d8bc4296ec, type: 3}
--- !u!4 &6846831896107196503 stripped
Transform:
  m_CorrespondingSourceObject: {fileID: 2788689375642077275, guid: 08cb864b45307174d8ba72d8bc4296ec,
    type: 3}
  m_PrefabInstance: {fileID: 8770689231590123532}
  m_PrefabAsset: {fileID: 0}
--- !u!1001 &9073922979627397036
PrefabInstance:
  m_ObjectHideFlags: 0
  serializedVersion: 2
  m_Modification:
    m_TransformParent: {fileID: 6706064504069898154}
    m_Modifications:
    - target: {fileID: 2788689375641916539, guid: 08cb864b45307174d8ba72d8bc4296ec,
        type: 3}
      propertyPath: m_Name
      value: wall-2 (87)
      objectReference: {fileID: 0}
    - target: {fileID: 2788689375642077275, guid: 08cb864b45307174d8ba72d8bc4296ec,
        type: 3}
      propertyPath: m_LocalPosition.x
      value: 15.020905
      objectReference: {fileID: 0}
    - target: {fileID: 2788689375642077275, guid: 08cb864b45307174d8ba72d8bc4296ec,
        type: 3}
      propertyPath: m_LocalPosition.y
      value: 19.88375
      objectReference: {fileID: 0}
    - target: {fileID: 2788689375642077275, guid: 08cb864b45307174d8ba72d8bc4296ec,
        type: 3}
      propertyPath: m_LocalPosition.z
      value: 1.9970675
      objectReference: {fileID: 0}
    - target: {fileID: 2788689375642077275, guid: 08cb864b45307174d8ba72d8bc4296ec,
        type: 3}
      propertyPath: m_LocalRotation.x
      value: -0
      objectReference: {fileID: 0}
    - target: {fileID: 2788689375642077275, guid: 08cb864b45307174d8ba72d8bc4296ec,
        type: 3}
      propertyPath: m_LocalRotation.y
      value: -0
      objectReference: {fileID: 0}
    - target: {fileID: 2788689375642077275, guid: 08cb864b45307174d8ba72d8bc4296ec,
        type: 3}
      propertyPath: m_LocalRotation.z
      value: -0
      objectReference: {fileID: 0}
    - target: {fileID: 2788689375642077275, guid: 08cb864b45307174d8ba72d8bc4296ec,
        type: 3}
      propertyPath: m_LocalRotation.w
      value: 1
      objectReference: {fileID: 0}
    - target: {fileID: 2788689375642077275, guid: 08cb864b45307174d8ba72d8bc4296ec,
        type: 3}
      propertyPath: m_RootOrder
      value: 12
      objectReference: {fileID: 0}
    - target: {fileID: 2788689375642077275, guid: 08cb864b45307174d8ba72d8bc4296ec,
        type: 3}
      propertyPath: m_LocalEulerAnglesHint.x
      value: 0
      objectReference: {fileID: 0}
    - target: {fileID: 2788689375642077275, guid: 08cb864b45307174d8ba72d8bc4296ec,
        type: 3}
      propertyPath: m_LocalEulerAnglesHint.y
      value: 0
      objectReference: {fileID: 0}
    - target: {fileID: 2788689375642077275, guid: 08cb864b45307174d8ba72d8bc4296ec,
        type: 3}
      propertyPath: m_LocalEulerAnglesHint.z
      value: 0
      objectReference: {fileID: 0}
    - target: {fileID: 868363230557726240, guid: 08cb864b45307174d8ba72d8bc4296ec,
        type: 3}
      propertyPath: canSetUnit
      value: 1
      objectReference: {fileID: 0}
    m_RemovedComponents: []
  m_SourcePrefab: {fileID: 100100000, guid: 08cb864b45307174d8ba72d8bc4296ec, type: 3}
--- !u!4 &6583812858457139191 stripped
Transform:
  m_CorrespondingSourceObject: {fileID: 2788689375642077275, guid: 08cb864b45307174d8ba72d8bc4296ec,
    type: 3}
  m_PrefabInstance: {fileID: 9073922979627397036}
  m_PrefabAsset: {fileID: 0}
