%YAML 1.1
%TAG !u! tag:unity3d.com,2011:
--- !u!1 &3129695061830756347
GameObject:
  m_ObjectHideFlags: 0
  m_CorrespondingSourceObject: {fileID: 0}
  m_PrefabInstance: {fileID: 0}
  m_PrefabAsset: {fileID: 0}
  serializedVersion: 6
  m_Component:
  - component: {fileID: 3939077443825328278}
  m_Layer: 0
  m_Name: tower
  m_TagString: Untagged
  m_Icon: {fileID: 0}
  m_NavMeshLayer: 0
  m_StaticEditorFlags: 0
  m_IsActive: 1
--- !u!4 &3939077443825328278
Transform:
  m_ObjectHideFlags: 0
  m_CorrespondingSourceObject: {fileID: 0}
  m_PrefabInstance: {fileID: 0}
  m_PrefabAsset: {fileID: 0}
  m_GameObject: {fileID: 3129695061830756347}
  m_LocalRotation: {x: 0, y: 0, z: 0, w: 1}
  m_LocalPosition: {x: -122.520905, y: -15.873751, z: -7.4970675}
  m_LocalScale: {x: 1, y: 1, z: 1}
  m_Children:
  - {fileID: 1054858226629549566}
  - {fileID: 1054858225294545151}
  - {fileID: 1054858227150727020}
  - {fileID: 1054858226946898364}
  - {fileID: 1054858226873208997}
  - {fileID: 1054858226421158501}
  - {fileID: 1054858225805526941}
  - {fileID: 1054858225043195559}
  - {fileID: 1054858226554614009}
  - {fileID: 1054858226075093809}
  - {fileID: 1054858225420866644}
  - {fileID: 1054858226925479455}
  - {fileID: 4193515697847966647}
  - {fileID: 7416290517440189657}
  - {fileID: 5190158125832301493}
  - {fileID: 3523141864519366859}
  - {fileID: 4887950442181154246}
  - {fileID: 5158815208068345942}
  - {fileID: 3800481076096270187}
  - {fileID: 6055528573424309843}
  - {fileID: 469347921677332759}
  - {fileID: 1036978782959922694}
  - {fileID: 1167175843490146523}
  - {fileID: 6674971707290616244}
  - {fileID: 114478269276565219}
  - {fileID: 7712458300142111649}
  - {fileID: 764497950327942588}
  m_Father: {fileID: 0}
  m_RootOrder: 0
  m_LocalEulerAnglesHint: {x: 0, y: 0, z: 0}
--- !u!1 &5086764063805593294
GameObject:
  m_ObjectHideFlags: 0
  m_CorrespondingSourceObject: {fileID: 0}
  m_PrefabInstance: {fileID: 0}
  m_PrefabAsset: {fileID: 0}
  serializedVersion: 6
  m_Component:
  - component: {fileID: 5158815208068345942}
  - component: {fileID: 1883494824708857276}
  - component: {fileID: 2465750240658720662}
  - component: {fileID: 1859168520131299923}
  m_Layer: 0
  m_Name: default (1)
  m_TagString: Untagged
  m_Icon: {fileID: 0}
  m_NavMeshLayer: 0
  m_StaticEditorFlags: 0
  m_IsActive: 1
--- !u!4 &5158815208068345942
Transform:
  m_ObjectHideFlags: 0
  m_CorrespondingSourceObject: {fileID: 0}
  m_PrefabInstance: {fileID: 0}
  m_PrefabAsset: {fileID: 0}
  m_GameObject: {fileID: 5086764063805593294}
  m_LocalRotation: {x: -0, y: 0.7071068, z: -0, w: 0.7071068}
  m_LocalPosition: {x: 14.970001, y: 15.884003, z: 1.0000005}
  m_LocalScale: {x: 0.62500024, y: 2.1875, z: 0.62500024}
  m_Children: []
  m_Father: {fileID: 3939077443825328278}
  m_RootOrder: 17
  m_LocalEulerAnglesHint: {x: 0, y: 0, z: 0}
--- !u!33 &1883494824708857276
MeshFilter:
  m_ObjectHideFlags: 0
  m_CorrespondingSourceObject: {fileID: 0}
  m_PrefabInstance: {fileID: 0}
  m_PrefabAsset: {fileID: 0}
  m_GameObject: {fileID: 5086764063805593294}
  m_Mesh: {fileID: 4300000, guid: 865a431cd3dc96c4c9882b11fde0e226, type: 3}
--- !u!23 &2465750240658720662
MeshRenderer:
  m_ObjectHideFlags: 0
  m_CorrespondingSourceObject: {fileID: 0}
  m_PrefabInstance: {fileID: 0}
  m_PrefabAsset: {fileID: 0}
  m_GameObject: {fileID: 5086764063805593294}
  m_Enabled: 1
  m_CastShadows: 1
  m_ReceiveShadows: 1
  m_DynamicOccludee: 1
  m_MotionVectors: 1
  m_LightProbeUsage: 1
  m_ReflectionProbeUsage: 1
  m_RenderingLayerMask: 1
  m_RendererPriority: 0
  m_Materials:
  - {fileID: 2100000, guid: 865a431cd3dc96c4c9882b11fde0e226, type: 3}
  m_StaticBatchInfo:
    firstSubMesh: 0
    subMeshCount: 0
  m_StaticBatchRoot: {fileID: 0}
  m_ProbeAnchor: {fileID: 0}
  m_LightProbeVolumeOverride: {fileID: 0}
  m_ScaleInLightmap: 1
  m_PreserveUVs: 0
  m_IgnoreNormalsForChartDetection: 0
  m_ImportantGI: 0
  m_StitchLightmapSeams: 0
  m_SelectedEditorRenderState: 3
  m_MinimumChartSize: 4
  m_AutoUVMaxDistance: 0.5
  m_AutoUVMaxAngle: 89
  m_LightmapParameters: {fileID: 0}
  m_SortingLayerID: 0
  m_SortingLayer: 0
  m_SortingOrder: 0
--- !u!65 &1859168520131299923
BoxCollider:
  m_ObjectHideFlags: 0
  m_CorrespondingSourceObject: {fileID: 0}
  m_PrefabInstance: {fileID: 0}
  m_PrefabAsset: {fileID: 0}
  m_GameObject: {fileID: 5086764063805593294}
  m_Material: {fileID: 0}
  m_IsTrigger: 0
  m_Enabled: 1
  serializedVersion: 2
  m_Size: {x: 1.6, y: 1.6, z: 1.6}
  m_Center: {x: 0, y: 0.8, z: 0}
--- !u!1 &5591995755320842578
GameObject:
  m_ObjectHideFlags: 0
  m_CorrespondingSourceObject: {fileID: 0}
  m_PrefabInstance: {fileID: 0}
  m_PrefabAsset: {fileID: 0}
  serializedVersion: 6
  m_Component:
  - component: {fileID: 7470520688472951591}
  - component: {fileID: 5203439922752355287}
  - component: {fileID: 7990885344592828202}
  - component: {fileID: 6858991644265788285}
  m_Layer: 0
  m_Name: default (1)
  m_TagString: Untagged
  m_Icon: {fileID: 0}
  m_NavMeshLayer: 0
  m_StaticEditorFlags: 0
  m_IsActive: 1
--- !u!4 &7470520688472951591
Transform:
  m_ObjectHideFlags: 0
  m_CorrespondingSourceObject: {fileID: 0}
  m_PrefabInstance: {fileID: 0}
  m_PrefabAsset: {fileID: 0}
  m_GameObject: {fileID: 5591995755320842578}
  m_LocalRotation: {x: -0, y: -0, z: -0, w: 1}
  m_LocalPosition: {x: 3.1999, y: 0, z: -0.00005188}
  m_LocalScale: {x: 1, y: 1, z: 1}
  m_Children: []
  m_Father: {fileID: 7712458300142111649}
  m_RootOrder: 1
  m_LocalEulerAnglesHint: {x: 0, y: 0, z: 0}
--- !u!33 &5203439922752355287
MeshFilter:
  m_ObjectHideFlags: 0
  m_CorrespondingSourceObject: {fileID: 0}
  m_PrefabInstance: {fileID: 0}
  m_PrefabAsset: {fileID: 0}
  m_GameObject: {fileID: 5591995755320842578}
  m_Mesh: {fileID: 4300000, guid: fa1a8eb12088aa049899f3ba5adf5e6b, type: 3}
--- !u!23 &7990885344592828202
MeshRenderer:
  m_ObjectHideFlags: 0
  m_CorrespondingSourceObject: {fileID: 0}
  m_PrefabInstance: {fileID: 0}
  m_PrefabAsset: {fileID: 0}
  m_GameObject: {fileID: 5591995755320842578}
  m_Enabled: 1
  m_CastShadows: 1
  m_ReceiveShadows: 1
  m_DynamicOccludee: 1
  m_MotionVectors: 1
  m_LightProbeUsage: 1
  m_ReflectionProbeUsage: 1
  m_RenderingLayerMask: 1
  m_RendererPriority: 0
  m_Materials:
  - {fileID: 2100000, guid: fa1a8eb12088aa049899f3ba5adf5e6b, type: 3}
  m_StaticBatchInfo:
    firstSubMesh: 0
    subMeshCount: 0
  m_StaticBatchRoot: {fileID: 0}
  m_ProbeAnchor: {fileID: 0}
  m_LightProbeVolumeOverride: {fileID: 0}
  m_ScaleInLightmap: 1
  m_PreserveUVs: 0
  m_IgnoreNormalsForChartDetection: 0
  m_ImportantGI: 0
  m_StitchLightmapSeams: 0
  m_SelectedEditorRenderState: 3
  m_MinimumChartSize: 4
  m_AutoUVMaxDistance: 0.5
  m_AutoUVMaxAngle: 89
  m_LightmapParameters: {fileID: 0}
  m_SortingLayerID: 0
  m_SortingLayer: 0
  m_SortingOrder: 0
--- !u!65 &6858991644265788285
BoxCollider:
  m_ObjectHideFlags: 0
  m_CorrespondingSourceObject: {fileID: 0}
  m_PrefabInstance: {fileID: 0}
  m_PrefabAsset: {fileID: 0}
  m_GameObject: {fileID: 5591995755320842578}
  m_Material: {fileID: 0}
  m_IsTrigger: 0
  m_Enabled: 1
  serializedVersion: 2
  m_Size: {x: 1.6, y: 0.8, z: 1.6}
  m_Center: {x: 0, y: 0.4, z: 0}
--- !u!1 &8358455260250230978
GameObject:
  m_ObjectHideFlags: 0
  m_CorrespondingSourceObject: {fileID: 0}
  m_PrefabInstance: {fileID: 0}
  m_PrefabAsset: {fileID: 0}
  serializedVersion: 6
  m_Component:
  - component: {fileID: 1167175843490146523}
  - component: {fileID: 8018342116195934529}
  - component: {fileID: 8574845198269703474}
  - component: {fileID: 7437218439878121674}
  m_Layer: 0
  m_Name: holder_block
  m_TagString: Untagged
  m_Icon: {fileID: 0}
  m_NavMeshLayer: 0
  m_StaticEditorFlags: 0
  m_IsActive: 1
--- !u!4 &1167175843490146523
Transform:
  m_ObjectHideFlags: 0
  m_CorrespondingSourceObject: {fileID: 0}
  m_PrefabInstance: {fileID: 0}
  m_PrefabAsset: {fileID: 0}
  m_GameObject: {fileID: 8358455260250230978}
  m_LocalRotation: {x: -0, y: 0.7071068, z: -0, w: 0.7071068}
  m_LocalPosition: {x: 14.94, y: 19.384, z: 1.0500002}
  m_LocalScale: {x: 1.5, y: 0.3125, z: 1.5}
  m_Children: []
  m_Father: {fileID: 3939077443825328278}
  m_RootOrder: 22
  m_LocalEulerAnglesHint: {x: 0, y: 0, z: 0}
--- !u!33 &8018342116195934529
MeshFilter:
  m_ObjectHideFlags: 0
  m_CorrespondingSourceObject: {fileID: 0}
  m_PrefabInstance: {fileID: 0}
  m_PrefabAsset: {fileID: 0}
  m_GameObject: {fileID: 8358455260250230978}
  m_Mesh: {fileID: 4300000, guid: 865a431cd3dc96c4c9882b11fde0e226, type: 3}
--- !u!23 &8574845198269703474
MeshRenderer:
  m_ObjectHideFlags: 0
  m_CorrespondingSourceObject: {fileID: 0}
  m_PrefabInstance: {fileID: 0}
  m_PrefabAsset: {fileID: 0}
  m_GameObject: {fileID: 8358455260250230978}
  m_Enabled: 1
  m_CastShadows: 1
  m_ReceiveShadows: 1
  m_DynamicOccludee: 1
  m_MotionVectors: 1
  m_LightProbeUsage: 1
  m_ReflectionProbeUsage: 1
  m_RenderingLayerMask: 1
  m_RendererPriority: 0
  m_Materials:
  - {fileID: 2100000, guid: 865a431cd3dc96c4c9882b11fde0e226, type: 3}
  m_StaticBatchInfo:
    firstSubMesh: 0
    subMeshCount: 0
  m_StaticBatchRoot: {fileID: 0}
  m_ProbeAnchor: {fileID: 0}
  m_LightProbeVolumeOverride: {fileID: 0}
  m_ScaleInLightmap: 1
  m_PreserveUVs: 0
  m_IgnoreNormalsForChartDetection: 0
  m_ImportantGI: 0
  m_StitchLightmapSeams: 0
  m_SelectedEditorRenderState: 3
  m_MinimumChartSize: 4
  m_AutoUVMaxDistance: 0.5
  m_AutoUVMaxAngle: 89
  m_LightmapParameters: {fileID: 0}
  m_SortingLayerID: 0
  m_SortingLayer: 0
  m_SortingOrder: 0
--- !u!65 &7437218439878121674
BoxCollider:
  m_ObjectHideFlags: 0
  m_CorrespondingSourceObject: {fileID: 0}
  m_PrefabInstance: {fileID: 0}
  m_PrefabAsset: {fileID: 0}
  m_GameObject: {fileID: 8358455260250230978}
  m_Material: {fileID: 0}
  m_IsTrigger: 0
  m_Enabled: 1
  serializedVersion: 2
  m_Size: {x: 1.6, y: 1.6, z: 1.6}
  m_Center: {x: 0, y: 0.8, z: 0}
--- !u!1001 &870640734775103966
PrefabInstance:
  m_ObjectHideFlags: 0
  serializedVersion: 2
  m_Modification:
    m_TransformParent: {fileID: 3939077443825328278}
    m_Modifications:
    - target: {fileID: 7430100271088076383, guid: 24f7d267660116747aca1d4324ee99e3,
        type: 3}
      propertyPath: m_Name
      value: roof-0 (2)
      objectReference: {fileID: 0}
    - target: {fileID: 7430100271087917695, guid: 24f7d267660116747aca1d4324ee99e3,
        type: 3}
      propertyPath: m_LocalPosition.x
      value: 14.021
      objectReference: {fileID: 0}
    - target: {fileID: 7430100271087917695, guid: 24f7d267660116747aca1d4324ee99e3,
        type: 3}
      propertyPath: m_LocalPosition.y
      value: 21.88375
      objectReference: {fileID: 0}
    - target: {fileID: 7430100271087917695, guid: 24f7d267660116747aca1d4324ee99e3,
        type: 3}
      propertyPath: m_LocalPosition.z
      value: -1.0029
      objectReference: {fileID: 0}
    - target: {fileID: 7430100271087917695, guid: 24f7d267660116747aca1d4324ee99e3,
        type: 3}
      propertyPath: m_LocalRotation.x
      value: -0
      objectReference: {fileID: 0}
    - target: {fileID: 7430100271087917695, guid: 24f7d267660116747aca1d4324ee99e3,
        type: 3}
      propertyPath: m_LocalRotation.y
      value: -0
      objectReference: {fileID: 0}
    - target: {fileID: 7430100271087917695, guid: 24f7d267660116747aca1d4324ee99e3,
        type: 3}
      propertyPath: m_LocalRotation.z
      value: -0
      objectReference: {fileID: 0}
    - target: {fileID: 7430100271087917695, guid: 24f7d267660116747aca1d4324ee99e3,
        type: 3}
      propertyPath: m_LocalRotation.w
      value: 1
      objectReference: {fileID: 0}
    - target: {fileID: 7430100271087917695, guid: 24f7d267660116747aca1d4324ee99e3,
        type: 3}
      propertyPath: m_RootOrder
      value: 25
      objectReference: {fileID: 0}
    - target: {fileID: 7430100271087917695, guid: 24f7d267660116747aca1d4324ee99e3,
        type: 3}
      propertyPath: m_LocalEulerAnglesHint.x
      value: 0
      objectReference: {fileID: 0}
    - target: {fileID: 7430100271087917695, guid: 24f7d267660116747aca1d4324ee99e3,
        type: 3}
      propertyPath: m_LocalEulerAnglesHint.y
      value: 0
      objectReference: {fileID: 0}
    - target: {fileID: 7430100271087917695, guid: 24f7d267660116747aca1d4324ee99e3,
        type: 3}
      propertyPath: m_LocalEulerAnglesHint.z
      value: 0
      objectReference: {fileID: 0}
    m_RemovedComponents: []
  m_SourcePrefab: {fileID: 100100000, guid: 24f7d267660116747aca1d4324ee99e3, type: 3}
--- !u!4 &7712458300142111649 stripped
Transform:
  m_CorrespondingSourceObject: {fileID: 7430100271087917695, guid: 24f7d267660116747aca1d4324ee99e3,
    type: 3}
  m_PrefabInstance: {fileID: 870640734775103966}
  m_PrefabAsset: {fileID: 0}
--- !u!1001 &1300818262879287088
PrefabInstance:
  m_ObjectHideFlags: 0
  serializedVersion: 2
  m_Modification:
    m_TransformParent: {fileID: 3939077443825328278}
    m_Modifications:
    - target: {fileID: 2788689375641916539, guid: 08cb864b45307174d8ba72d8bc4296ec,
        type: 3}
      propertyPath: m_Name
      value: wall-2 (103)
      objectReference: {fileID: 0}
    - target: {fileID: 2788689375642077275, guid: 08cb864b45307174d8ba72d8bc4296ec,
        type: 3}
      propertyPath: m_LocalPosition.x
      value: 14.020905
      objectReference: {fileID: 0}
    - target: {fileID: 2788689375642077275, guid: 08cb864b45307174d8ba72d8bc4296ec,
        type: 3}
      propertyPath: m_LocalPosition.y
      value: 19.88375
      objectReference: {fileID: 0}
    - target: {fileID: 2788689375642077275, guid: 08cb864b45307174d8ba72d8bc4296ec,
        type: 3}
      propertyPath: m_LocalPosition.z
      value: 0.99707
      objectReference: {fileID: 0}
    - target: {fileID: 2788689375642077275, guid: 08cb864b45307174d8ba72d8bc4296ec,
        type: 3}
      propertyPath: m_LocalRotation.x
      value: -0
      objectReference: {fileID: 0}
    - target: {fileID: 2788689375642077275, guid: 08cb864b45307174d8ba72d8bc4296ec,
        type: 3}
      propertyPath: m_LocalRotation.y
      value: -0
      objectReference: {fileID: 0}
    - target: {fileID: 2788689375642077275, guid: 08cb864b45307174d8ba72d8bc4296ec,
        type: 3}
      propertyPath: m_LocalRotation.z
      value: -0
      objectReference: {fileID: 0}
    - target: {fileID: 2788689375642077275, guid: 08cb864b45307174d8ba72d8bc4296ec,
        type: 3}
      propertyPath: m_LocalRotation.w
      value: 1
      objectReference: {fileID: 0}
    - target: {fileID: 2788689375642077275, guid: 08cb864b45307174d8ba72d8bc4296ec,
        type: 3}
      propertyPath: m_RootOrder
      value: 18
      objectReference: {fileID: 0}
    - target: {fileID: 2788689375642077275, guid: 08cb864b45307174d8ba72d8bc4296ec,
        type: 3}
      propertyPath: m_LocalEulerAnglesHint.x
      value: 0
      objectReference: {fileID: 0}
    - target: {fileID: 2788689375642077275, guid: 08cb864b45307174d8ba72d8bc4296ec,
        type: 3}
      propertyPath: m_LocalEulerAnglesHint.y
      value: 0
      objectReference: {fileID: 0}
    - target: {fileID: 2788689375642077275, guid: 08cb864b45307174d8ba72d8bc4296ec,
        type: 3}
      propertyPath: m_LocalEulerAnglesHint.z
      value: 0
      objectReference: {fileID: 0}
    - target: {fileID: 868363230557726240, guid: 08cb864b45307174d8ba72d8bc4296ec,
        type: 3}
      propertyPath: canSetUnit
      value: 1
      objectReference: {fileID: 0}
    m_RemovedComponents: []
  m_SourcePrefab: {fileID: 100100000, guid: 08cb864b45307174d8ba72d8bc4296ec, type: 3}
--- !u!4 &3800481076096270187 stripped
Transform:
  m_CorrespondingSourceObject: {fileID: 2788689375642077275, guid: 08cb864b45307174d8ba72d8bc4296ec,
    type: 3}
  m_PrefabInstance: {fileID: 1300818262879287088}
  m_PrefabAsset: {fileID: 0}
--- !u!1001 &1609998305359999120
PrefabInstance:
  m_ObjectHideFlags: 0
  serializedVersion: 2
  m_Modification:
    m_TransformParent: {fileID: 3939077443825328278}
    m_Modifications:
    - target: {fileID: 2788689375641916539, guid: 08cb864b45307174d8ba72d8bc4296ec,
        type: 3}
      propertyPath: m_Name
      value: wall-2 (87)
      objectReference: {fileID: 0}
    - target: {fileID: 2788689375642077275, guid: 08cb864b45307174d8ba72d8bc4296ec,
        type: 3}
      propertyPath: m_LocalPosition.x
      value: 15.020905
      objectReference: {fileID: 0}
    - target: {fileID: 2788689375642077275, guid: 08cb864b45307174d8ba72d8bc4296ec,
        type: 3}
      propertyPath: m_LocalPosition.y
      value: 19.88375
      objectReference: {fileID: 0}
    - target: {fileID: 2788689375642077275, guid: 08cb864b45307174d8ba72d8bc4296ec,
        type: 3}
      propertyPath: m_LocalPosition.z
      value: 1.9970675
      objectReference: {fileID: 0}
    - target: {fileID: 2788689375642077275, guid: 08cb864b45307174d8ba72d8bc4296ec,
        type: 3}
      propertyPath: m_LocalRotation.x
      value: -0
      objectReference: {fileID: 0}
    - target: {fileID: 2788689375642077275, guid: 08cb864b45307174d8ba72d8bc4296ec,
        type: 3}
      propertyPath: m_LocalRotation.y
      value: -0
      objectReference: {fileID: 0}
    - target: {fileID: 2788689375642077275, guid: 08cb864b45307174d8ba72d8bc4296ec,
        type: 3}
      propertyPath: m_LocalRotation.z
      value: -0
      objectReference: {fileID: 0}
    - target: {fileID: 2788689375642077275, guid: 08cb864b45307174d8ba72d8bc4296ec,
        type: 3}
      propertyPath: m_LocalRotation.w
      value: 1
      objectReference: {fileID: 0}
    - target: {fileID: 2788689375642077275, guid: 08cb864b45307174d8ba72d8bc4296ec,
        type: 3}
      propertyPath: m_RootOrder
      value: 15
      objectReference: {fileID: 0}
    - target: {fileID: 2788689375642077275, guid: 08cb864b45307174d8ba72d8bc4296ec,
        type: 3}
      propertyPath: m_LocalEulerAnglesHint.x
      value: 0
      objectReference: {fileID: 0}
    - target: {fileID: 2788689375642077275, guid: 08cb864b45307174d8ba72d8bc4296ec,
        type: 3}
      propertyPath: m_LocalEulerAnglesHint.y
      value: 0
      objectReference: {fileID: 0}
    - target: {fileID: 2788689375642077275, guid: 08cb864b45307174d8ba72d8bc4296ec,
        type: 3}
      propertyPath: m_LocalEulerAnglesHint.z
      value: 0
      objectReference: {fileID: 0}
    - target: {fileID: 868363230557726240, guid: 08cb864b45307174d8ba72d8bc4296ec,
        type: 3}
      propertyPath: canSetUnit
      value: 1
      objectReference: {fileID: 0}
    m_RemovedComponents: []
  m_SourcePrefab: {fileID: 100100000, guid: 08cb864b45307174d8ba72d8bc4296ec, type: 3}
--- !u!4 &3523141864519366859 stripped
Transform:
  m_CorrespondingSourceObject: {fileID: 2788689375642077275, guid: 08cb864b45307174d8ba72d8bc4296ec,
    type: 3}
  m_PrefabInstance: {fileID: 1609998305359999120}
  m_PrefabAsset: {fileID: 0}
--- !u!1001 &2053982799757431788
PrefabInstance:
  m_ObjectHideFlags: 0
  serializedVersion: 2
  m_Modification:
    m_TransformParent: {fileID: 3939077443825328278}
    m_Modifications:
    - target: {fileID: 2788689375641916539, guid: 08cb864b45307174d8ba72d8bc4296ec,
        type: 3}
      propertyPath: m_Name
      value: wall-2 (72)
      objectReference: {fileID: 0}
    - target: {fileID: 2788689375642077275, guid: 08cb864b45307174d8ba72d8bc4296ec,
        type: 3}
      propertyPath: m_LocalPosition.x
      value: 16.020905
      objectReference: {fileID: 0}
    - target: {fileID: 2788689375642077275, guid: 08cb864b45307174d8ba72d8bc4296ec,
        type: 3}
      propertyPath: m_LocalPosition.y
      value: 19.88375
      objectReference: {fileID: 0}
    - target: {fileID: 2788689375642077275, guid: 08cb864b45307174d8ba72d8bc4296ec,
        type: 3}
      propertyPath: m_LocalPosition.z
      value: 0.99706745
      objectReference: {fileID: 0}
    - target: {fileID: 2788689375642077275, guid: 08cb864b45307174d8ba72d8bc4296ec,
        type: 3}
      propertyPath: m_LocalRotation.x
      value: -0
      objectReference: {fileID: 0}
    - target: {fileID: 2788689375642077275, guid: 08cb864b45307174d8ba72d8bc4296ec,
        type: 3}
      propertyPath: m_LocalRotation.y
      value: -0
      objectReference: {fileID: 0}
    - target: {fileID: 2788689375642077275, guid: 08cb864b45307174d8ba72d8bc4296ec,
        type: 3}
      propertyPath: m_LocalRotation.z
      value: -0
      objectReference: {fileID: 0}
    - target: {fileID: 2788689375642077275, guid: 08cb864b45307174d8ba72d8bc4296ec,
        type: 3}
      propertyPath: m_LocalRotation.w
      value: 1
      objectReference: {fileID: 0}
    - target: {fileID: 2788689375642077275, guid: 08cb864b45307174d8ba72d8bc4296ec,
        type: 3}
      propertyPath: m_RootOrder
      value: 12
      objectReference: {fileID: 0}
    - target: {fileID: 2788689375642077275, guid: 08cb864b45307174d8ba72d8bc4296ec,
        type: 3}
      propertyPath: m_LocalEulerAnglesHint.x
      value: 0
      objectReference: {fileID: 0}
    - target: {fileID: 2788689375642077275, guid: 08cb864b45307174d8ba72d8bc4296ec,
        type: 3}
      propertyPath: m_LocalEulerAnglesHint.y
      value: 0
      objectReference: {fileID: 0}
    - target: {fileID: 2788689375642077275, guid: 08cb864b45307174d8ba72d8bc4296ec,
        type: 3}
      propertyPath: m_LocalEulerAnglesHint.z
      value: 0
      objectReference: {fileID: 0}
    - target: {fileID: 868363230557726240, guid: 08cb864b45307174d8ba72d8bc4296ec,
        type: 3}
      propertyPath: canSetUnit
      value: 1
      objectReference: {fileID: 0}
    - target: {fileID: 2465675636899966598, guid: 08cb864b45307174d8ba72d8bc4296ec,
        type: 3}
      propertyPath: m_Enabled
      value: 1
      objectReference: {fileID: 0}
    m_RemovedComponents: []
  m_SourcePrefab: {fileID: 100100000, guid: 08cb864b45307174d8ba72d8bc4296ec, type: 3}
--- !u!4 &4193515697847966647 stripped
Transform:
  m_CorrespondingSourceObject: {fileID: 2788689375642077275, guid: 08cb864b45307174d8ba72d8bc4296ec,
    type: 3}
  m_PrefabInstance: {fileID: 2053982799757431788}
  m_PrefabAsset: {fileID: 0}
--- !u!1001 &2319388189236164940
PrefabInstance:
  m_ObjectHideFlags: 0
  serializedVersion: 2
  m_Modification:
    m_TransformParent: {fileID: 3939077443825328278}
    m_Modifications:
    - target: {fileID: 2788689375641916539, guid: 08cb864b45307174d8ba72d8bc4296ec,
        type: 3}
      propertyPath: m_Name
      value: wall-2 (105)
      objectReference: {fileID: 0}
    - target: {fileID: 2788689375642077275, guid: 08cb864b45307174d8ba72d8bc4296ec,
        type: 3}
      propertyPath: m_LocalPosition.x
      value: 14.020905
      objectReference: {fileID: 0}
    - target: {fileID: 2788689375642077275, guid: 08cb864b45307174d8ba72d8bc4296ec,
        type: 3}
      propertyPath: m_LocalPosition.y
      value: 19.88375
      objectReference: {fileID: 0}
    - target: {fileID: 2788689375642077275, guid: 08cb864b45307174d8ba72d8bc4296ec,
        type: 3}
      propertyPath: m_LocalPosition.z
      value: -0.0029302
      objectReference: {fileID: 0}
    - target: {fileID: 2788689375642077275, guid: 08cb864b45307174d8ba72d8bc4296ec,
        type: 3}
      propertyPath: m_LocalRotation.x
      value: -0
      objectReference: {fileID: 0}
    - target: {fileID: 2788689375642077275, guid: 08cb864b45307174d8ba72d8bc4296ec,
        type: 3}
      propertyPath: m_LocalRotation.y
      value: -0
      objectReference: {fileID: 0}
    - target: {fileID: 2788689375642077275, guid: 08cb864b45307174d8ba72d8bc4296ec,
        type: 3}
      propertyPath: m_LocalRotation.z
      value: -0
      objectReference: {fileID: 0}
    - target: {fileID: 2788689375642077275, guid: 08cb864b45307174d8ba72d8bc4296ec,
        type: 3}
      propertyPath: m_LocalRotation.w
      value: 1
      objectReference: {fileID: 0}
    - target: {fileID: 2788689375642077275, guid: 08cb864b45307174d8ba72d8bc4296ec,
        type: 3}
      propertyPath: m_RootOrder
      value: 20
      objectReference: {fileID: 0}
    - target: {fileID: 2788689375642077275, guid: 08cb864b45307174d8ba72d8bc4296ec,
        type: 3}
      propertyPath: m_LocalEulerAnglesHint.x
      value: 0
      objectReference: {fileID: 0}
    - target: {fileID: 2788689375642077275, guid: 08cb864b45307174d8ba72d8bc4296ec,
        type: 3}
      propertyPath: m_LocalEulerAnglesHint.y
      value: 0
      objectReference: {fileID: 0}
    - target: {fileID: 2788689375642077275, guid: 08cb864b45307174d8ba72d8bc4296ec,
        type: 3}
      propertyPath: m_LocalEulerAnglesHint.z
      value: 0
      objectReference: {fileID: 0}
    - target: {fileID: 868363230557726240, guid: 08cb864b45307174d8ba72d8bc4296ec,
        type: 3}
      propertyPath: canSetUnit
      value: 1
      objectReference: {fileID: 0}
    m_RemovedComponents: []
  m_SourcePrefab: {fileID: 100100000, guid: 08cb864b45307174d8ba72d8bc4296ec, type: 3}
--- !u!4 &469347921677332759 stripped
Transform:
  m_CorrespondingSourceObject: {fileID: 2788689375642077275, guid: 08cb864b45307174d8ba72d8bc4296ec,
    type: 3}
  m_PrefabInstance: {fileID: 2319388189236164940}
  m_PrefabAsset: {fileID: 0}
--- !u!1001 &2887073174827235490
PrefabInstance:
  m_ObjectHideFlags: 0
  serializedVersion: 2
  m_Modification:
    m_TransformParent: {fileID: 3939077443825328278}
    m_Modifications:
    - target: {fileID: 2788689375641916539, guid: 08cb864b45307174d8ba72d8bc4296ec,
        type: 3}
      propertyPath: m_Name
      value: wall-2 (90)
      objectReference: {fileID: 0}
    - target: {fileID: 2788689375642077275, guid: 08cb864b45307174d8ba72d8bc4296ec,
        type: 3}
      propertyPath: m_LocalPosition.x
      value: 13.020905
      objectReference: {fileID: 0}
    - target: {fileID: 2788689375642077275, guid: 08cb864b45307174d8ba72d8bc4296ec,
        type: 3}
      propertyPath: m_LocalPosition.y
      value: 19.88375
      objectReference: {fileID: 0}
    - target: {fileID: 2788689375642077275, guid: 08cb864b45307174d8ba72d8bc4296ec,
        type: 3}
      propertyPath: m_LocalPosition.z
      value: -0.50293
      objectReference: {fileID: 0}
    - target: {fileID: 2788689375642077275, guid: 08cb864b45307174d8ba72d8bc4296ec,
        type: 3}
      propertyPath: m_LocalRotation.x
      value: -0
      objectReference: {fileID: 0}
    - target: {fileID: 2788689375642077275, guid: 08cb864b45307174d8ba72d8bc4296ec,
        type: 3}
      propertyPath: m_LocalRotation.y
      value: -0
      objectReference: {fileID: 0}
    - target: {fileID: 2788689375642077275, guid: 08cb864b45307174d8ba72d8bc4296ec,
        type: 3}
      propertyPath: m_LocalRotation.z
      value: -0
      objectReference: {fileID: 0}
    - target: {fileID: 2788689375642077275, guid: 08cb864b45307174d8ba72d8bc4296ec,
        type: 3}
      propertyPath: m_LocalRotation.w
      value: 1
      objectReference: {fileID: 0}
    - target: {fileID: 2788689375642077275, guid: 08cb864b45307174d8ba72d8bc4296ec,
        type: 3}
      propertyPath: m_RootOrder
      value: 8
      objectReference: {fileID: 0}
    - target: {fileID: 2788689375642077275, guid: 08cb864b45307174d8ba72d8bc4296ec,
        type: 3}
      propertyPath: m_LocalEulerAnglesHint.x
      value: 0
      objectReference: {fileID: 0}
    - target: {fileID: 2788689375642077275, guid: 08cb864b45307174d8ba72d8bc4296ec,
        type: 3}
      propertyPath: m_LocalEulerAnglesHint.y
      value: 0
      objectReference: {fileID: 0}
    - target: {fileID: 2788689375642077275, guid: 08cb864b45307174d8ba72d8bc4296ec,
        type: 3}
      propertyPath: m_LocalEulerAnglesHint.z
      value: 0
      objectReference: {fileID: 0}
    - target: {fileID: 2788689375642077275, guid: 08cb864b45307174d8ba72d8bc4296ec,
        type: 3}
      propertyPath: m_LocalScale.y
      value: 2
      objectReference: {fileID: 0}
    - target: {fileID: 2788689375642077275, guid: 08cb864b45307174d8ba72d8bc4296ec,
        type: 3}
      propertyPath: m_LocalScale.z
      value: 2
      objectReference: {fileID: 0}
    m_RemovedComponents: []
  m_SourcePrefab: {fileID: 100100000, guid: 08cb864b45307174d8ba72d8bc4296ec, type: 3}
--- !u!4 &1054858226554614009 stripped
Transform:
  m_CorrespondingSourceObject: {fileID: 2788689375642077275, guid: 08cb864b45307174d8ba72d8bc4296ec,
    type: 3}
  m_PrefabInstance: {fileID: 2887073174827235490}
  m_PrefabAsset: {fileID: 0}
--- !u!1001 &2887073174903215525
PrefabInstance:
  m_ObjectHideFlags: 0
  serializedVersion: 2
  m_Modification:
    m_TransformParent: {fileID: 3939077443825328278}
    m_Modifications:
    - target: {fileID: 2788689375641916539, guid: 08cb864b45307174d8ba72d8bc4296ec,
        type: 3}
      propertyPath: m_Name
      value: wall-2 (6)
      objectReference: {fileID: 0}
    - target: {fileID: 2788689375642077275, guid: 08cb864b45307174d8ba72d8bc4296ec,
        type: 3}
      propertyPath: m_LocalPosition.x
      value: 15.521
      objectReference: {fileID: 0}
    - target: {fileID: 2788689375642077275, guid: 08cb864b45307174d8ba72d8bc4296ec,
        type: 3}
      propertyPath: m_LocalPosition.y
      value: 15.883751
      objectReference: {fileID: 0}
    - target: {fileID: 2788689375642077275, guid: 08cb864b45307174d8ba72d8bc4296ec,
        type: 3}
      propertyPath: m_LocalPosition.z
      value: -1.0029325
      objectReference: {fileID: 0}
    - target: {fileID: 2788689375642077275, guid: 08cb864b45307174d8ba72d8bc4296ec,
        type: 3}
      propertyPath: m_LocalRotation.x
      value: -0
      objectReference: {fileID: 0}
    - target: {fileID: 2788689375642077275, guid: 08cb864b45307174d8ba72d8bc4296ec,
        type: 3}
      propertyPath: m_LocalRotation.y
      value: -0
      objectReference: {fileID: 0}
    - target: {fileID: 2788689375642077275, guid: 08cb864b45307174d8ba72d8bc4296ec,
        type: 3}
      propertyPath: m_LocalRotation.z
      value: -0
      objectReference: {fileID: 0}
    - target: {fileID: 2788689375642077275, guid: 08cb864b45307174d8ba72d8bc4296ec,
        type: 3}
      propertyPath: m_LocalRotation.w
      value: 1
      objectReference: {fileID: 0}
    - target: {fileID: 2788689375642077275, guid: 08cb864b45307174d8ba72d8bc4296ec,
        type: 3}
      propertyPath: m_RootOrder
      value: 0
      objectReference: {fileID: 0}
    - target: {fileID: 2788689375642077275, guid: 08cb864b45307174d8ba72d8bc4296ec,
        type: 3}
      propertyPath: m_LocalEulerAnglesHint.x
      value: 0
      objectReference: {fileID: 0}
    - target: {fileID: 2788689375642077275, guid: 08cb864b45307174d8ba72d8bc4296ec,
        type: 3}
      propertyPath: m_LocalEulerAnglesHint.y
      value: 0
      objectReference: {fileID: 0}
    - target: {fileID: 2788689375642077275, guid: 08cb864b45307174d8ba72d8bc4296ec,
        type: 3}
      propertyPath: m_LocalEulerAnglesHint.z
      value: 0
      objectReference: {fileID: 0}
    - target: {fileID: 2788689375642077275, guid: 08cb864b45307174d8ba72d8bc4296ec,
        type: 3}
      propertyPath: m_LocalScale.y
      value: 2
      objectReference: {fileID: 0}
    - target: {fileID: 2788689375642077275, guid: 08cb864b45307174d8ba72d8bc4296ec,
        type: 3}
      propertyPath: m_LocalScale.x
      value: 2
      objectReference: {fileID: 0}
    m_RemovedComponents: []
  m_SourcePrefab: {fileID: 100100000, guid: 08cb864b45307174d8ba72d8bc4296ec, type: 3}
--- !u!4 &1054858226629549566 stripped
Transform:
  m_CorrespondingSourceObject: {fileID: 2788689375642077275, guid: 08cb864b45307174d8ba72d8bc4296ec,
    type: 3}
  m_PrefabInstance: {fileID: 2887073174903215525}
  m_PrefabAsset: {fileID: 0}
--- !u!1001 &2887073174962707006
PrefabInstance:
  m_ObjectHideFlags: 0
  serializedVersion: 2
  m_Modification:
    m_TransformParent: {fileID: 3939077443825328278}
    m_Modifications:
    - target: {fileID: 2788689375641916539, guid: 08cb864b45307174d8ba72d8bc4296ec,
        type: 3}
      propertyPath: m_Name
      value: wall-2 (48)
      objectReference: {fileID: 0}
    - target: {fileID: 2788689375642077275, guid: 08cb864b45307174d8ba72d8bc4296ec,
        type: 3}
      propertyPath: m_LocalPosition.x
      value: 13.020905
      objectReference: {fileID: 0}
    - target: {fileID: 2788689375642077275, guid: 08cb864b45307174d8ba72d8bc4296ec,
        type: 3}
      propertyPath: m_LocalPosition.y
      value: 17.88375
      objectReference: {fileID: 0}
    - target: {fileID: 2788689375642077275, guid: 08cb864b45307174d8ba72d8bc4296ec,
        type: 3}
      propertyPath: m_LocalPosition.z
      value: 0.99706745
      objectReference: {fileID: 0}
    - target: {fileID: 2788689375642077275, guid: 08cb864b45307174d8ba72d8bc4296ec,
        type: 3}
      propertyPath: m_LocalRotation.x
      value: -0
      objectReference: {fileID: 0}
    - target: {fileID: 2788689375642077275, guid: 08cb864b45307174d8ba72d8bc4296ec,
        type: 3}
      propertyPath: m_LocalRotation.y
      value: -0
      objectReference: {fileID: 0}
    - target: {fileID: 2788689375642077275, guid: 08cb864b45307174d8ba72d8bc4296ec,
        type: 3}
      propertyPath: m_LocalRotation.z
      value: -0
      objectReference: {fileID: 0}
    - target: {fileID: 2788689375642077275, guid: 08cb864b45307174d8ba72d8bc4296ec,
        type: 3}
      propertyPath: m_LocalRotation.w
      value: 1
      objectReference: {fileID: 0}
    - target: {fileID: 2788689375642077275, guid: 08cb864b45307174d8ba72d8bc4296ec,
        type: 3}
      propertyPath: m_RootOrder
      value: 5
      objectReference: {fileID: 0}
    - target: {fileID: 2788689375642077275, guid: 08cb864b45307174d8ba72d8bc4296ec,
        type: 3}
      propertyPath: m_LocalEulerAnglesHint.x
      value: 0
      objectReference: {fileID: 0}
    - target: {fileID: 2788689375642077275, guid: 08cb864b45307174d8ba72d8bc4296ec,
        type: 3}
      propertyPath: m_LocalEulerAnglesHint.y
      value: 0
      objectReference: {fileID: 0}
    - target: {fileID: 2788689375642077275, guid: 08cb864b45307174d8ba72d8bc4296ec,
        type: 3}
      propertyPath: m_LocalEulerAnglesHint.z
      value: 0
      objectReference: {fileID: 0}
    - target: {fileID: 2788689375642077275, guid: 08cb864b45307174d8ba72d8bc4296ec,
        type: 3}
      propertyPath: m_LocalScale.y
      value: 2
      objectReference: {fileID: 0}
    - target: {fileID: 2788689375642077275, guid: 08cb864b45307174d8ba72d8bc4296ec,
        type: 3}
      propertyPath: m_LocalScale.z
      value: 2
      objectReference: {fileID: 0}
    - target: {fileID: 2788689375642077273, guid: 08cb864b45307174d8ba72d8bc4296ec,
        type: 3}
      propertyPath: m_LocalPosition.x
      value: -0
      objectReference: {fileID: 0}
    - target: {fileID: 2788689375642077273, guid: 08cb864b45307174d8ba72d8bc4296ec,
        type: 3}
      propertyPath: m_LocalPosition.z
      value: 0.25
      objectReference: {fileID: 0}
    - target: {fileID: 2465675636899966598, guid: 08cb864b45307174d8ba72d8bc4296ec,
        type: 3}
      propertyPath: m_Enabled
      value: 1
      objectReference: {fileID: 0}
    m_RemovedComponents: []
  m_SourcePrefab: {fileID: 100100000, guid: 08cb864b45307174d8ba72d8bc4296ec, type: 3}
--- !u!4 &1054858226421158501 stripped
Transform:
  m_CorrespondingSourceObject: {fileID: 2788689375642077275, guid: 08cb864b45307174d8ba72d8bc4296ec,
    type: 3}
  m_PrefabInstance: {fileID: 2887073174962707006}
  m_PrefabAsset: {fileID: 0}
--- !u!1001 &2887073175145830654
PrefabInstance:
  m_ObjectHideFlags: 0
  serializedVersion: 2
  m_Modification:
    m_TransformParent: {fileID: 3939077443825328278}
    m_Modifications:
    - target: {fileID: 2788689375641916539, guid: 08cb864b45307174d8ba72d8bc4296ec,
        type: 3}
      propertyPath: m_Name
      value: wall-2 (47)
      objectReference: {fileID: 0}
    - target: {fileID: 2788689375642077275, guid: 08cb864b45307174d8ba72d8bc4296ec,
        type: 3}
      propertyPath: m_LocalPosition.x
      value: 13.020905
      objectReference: {fileID: 0}
    - target: {fileID: 2788689375642077275, guid: 08cb864b45307174d8ba72d8bc4296ec,
        type: 3}
      propertyPath: m_LocalPosition.y
      value: 17.88375
      objectReference: {fileID: 0}
    - target: {fileID: 2788689375642077275, guid: 08cb864b45307174d8ba72d8bc4296ec,
        type: 3}
      propertyPath: m_LocalPosition.z
      value: -1.0029325
      objectReference: {fileID: 0}
    - target: {fileID: 2788689375642077275, guid: 08cb864b45307174d8ba72d8bc4296ec,
        type: 3}
      propertyPath: m_LocalRotation.x
      value: -0
      objectReference: {fileID: 0}
    - target: {fileID: 2788689375642077275, guid: 08cb864b45307174d8ba72d8bc4296ec,
        type: 3}
      propertyPath: m_LocalRotation.y
      value: -0
      objectReference: {fileID: 0}
    - target: {fileID: 2788689375642077275, guid: 08cb864b45307174d8ba72d8bc4296ec,
        type: 3}
      propertyPath: m_LocalRotation.z
      value: -0
      objectReference: {fileID: 0}
    - target: {fileID: 2788689375642077275, guid: 08cb864b45307174d8ba72d8bc4296ec,
        type: 3}
      propertyPath: m_LocalRotation.w
      value: 1
      objectReference: {fileID: 0}
    - target: {fileID: 2788689375642077275, guid: 08cb864b45307174d8ba72d8bc4296ec,
        type: 3}
      propertyPath: m_RootOrder
      value: 4
      objectReference: {fileID: 0}
    - target: {fileID: 2788689375642077275, guid: 08cb864b45307174d8ba72d8bc4296ec,
        type: 3}
      propertyPath: m_LocalEulerAnglesHint.x
      value: 0
      objectReference: {fileID: 0}
    - target: {fileID: 2788689375642077275, guid: 08cb864b45307174d8ba72d8bc4296ec,
        type: 3}
      propertyPath: m_LocalEulerAnglesHint.y
      value: 0
      objectReference: {fileID: 0}
    - target: {fileID: 2788689375642077275, guid: 08cb864b45307174d8ba72d8bc4296ec,
        type: 3}
      propertyPath: m_LocalEulerAnglesHint.z
      value: 0
      objectReference: {fileID: 0}
    - target: {fileID: 2788689375642077275, guid: 08cb864b45307174d8ba72d8bc4296ec,
        type: 3}
      propertyPath: m_LocalScale.y
      value: 2
      objectReference: {fileID: 0}
    - target: {fileID: 2788689375642077275, guid: 08cb864b45307174d8ba72d8bc4296ec,
        type: 3}
      propertyPath: m_LocalScale.z
      value: 2
      objectReference: {fileID: 0}
    - target: {fileID: 2788689375642077273, guid: 08cb864b45307174d8ba72d8bc4296ec,
        type: 3}
      propertyPath: m_LocalPosition.x
      value: -0
      objectReference: {fileID: 0}
    - target: {fileID: 2788689375642077273, guid: 08cb864b45307174d8ba72d8bc4296ec,
        type: 3}
      propertyPath: m_LocalPosition.y
      value: 0
      objectReference: {fileID: 0}
    - target: {fileID: 2788689375642077273, guid: 08cb864b45307174d8ba72d8bc4296ec,
        type: 3}
      propertyPath: m_LocalPosition.z
      value: 0.25
      objectReference: {fileID: 0}
    m_RemovedComponents: []
  m_SourcePrefab: {fileID: 100100000, guid: 08cb864b45307174d8ba72d8bc4296ec, type: 3}
--- !u!4 &1054858226873208997 stripped
Transform:
  m_CorrespondingSourceObject: {fileID: 2788689375642077275, guid: 08cb864b45307174d8ba72d8bc4296ec,
    type: 3}
  m_PrefabInstance: {fileID: 2887073175145830654}
  m_PrefabAsset: {fileID: 0}
--- !u!1001 &2887073175424397111
PrefabInstance:
  m_ObjectHideFlags: 0
  serializedVersion: 2
  m_Modification:
    m_TransformParent: {fileID: 3939077443825328278}
    m_Modifications:
    - target: {fileID: 2788689375641916539, guid: 08cb864b45307174d8ba72d8bc4296ec,
        type: 3}
      propertyPath: m_Name
      value: wall-2 (9)
      objectReference: {fileID: 0}
    - target: {fileID: 2788689375642077275, guid: 08cb864b45307174d8ba72d8bc4296ec,
        type: 3}
      propertyPath: m_LocalPosition.x
      value: 13.020905
      objectReference: {fileID: 0}
    - target: {fileID: 2788689375642077275, guid: 08cb864b45307174d8ba72d8bc4296ec,
        type: 3}
      propertyPath: m_LocalPosition.y
      value: 15.883751
      objectReference: {fileID: 0}
    - target: {fileID: 2788689375642077275, guid: 08cb864b45307174d8ba72d8bc4296ec,
        type: 3}
      propertyPath: m_LocalPosition.z
      value: -0.50293
      objectReference: {fileID: 0}
    - target: {fileID: 2788689375642077275, guid: 08cb864b45307174d8ba72d8bc4296ec,
        type: 3}
      propertyPath: m_LocalRotation.x
      value: -0
      objectReference: {fileID: 0}
    - target: {fileID: 2788689375642077275, guid: 08cb864b45307174d8ba72d8bc4296ec,
        type: 3}
      propertyPath: m_LocalRotation.y
      value: -0
      objectReference: {fileID: 0}
    - target: {fileID: 2788689375642077275, guid: 08cb864b45307174d8ba72d8bc4296ec,
        type: 3}
      propertyPath: m_LocalRotation.z
      value: -0
      objectReference: {fileID: 0}
    - target: {fileID: 2788689375642077275, guid: 08cb864b45307174d8ba72d8bc4296ec,
        type: 3}
      propertyPath: m_LocalRotation.w
      value: 1
      objectReference: {fileID: 0}
    - target: {fileID: 2788689375642077275, guid: 08cb864b45307174d8ba72d8bc4296ec,
        type: 3}
      propertyPath: m_RootOrder
      value: 2
      objectReference: {fileID: 0}
    - target: {fileID: 2788689375642077275, guid: 08cb864b45307174d8ba72d8bc4296ec,
        type: 3}
      propertyPath: m_LocalEulerAnglesHint.x
      value: 0
      objectReference: {fileID: 0}
    - target: {fileID: 2788689375642077275, guid: 08cb864b45307174d8ba72d8bc4296ec,
        type: 3}
      propertyPath: m_LocalEulerAnglesHint.y
      value: 0
      objectReference: {fileID: 0}
    - target: {fileID: 2788689375642077275, guid: 08cb864b45307174d8ba72d8bc4296ec,
        type: 3}
      propertyPath: m_LocalEulerAnglesHint.z
      value: 0
      objectReference: {fileID: 0}
    - target: {fileID: 2788689375642077275, guid: 08cb864b45307174d8ba72d8bc4296ec,
        type: 3}
      propertyPath: m_LocalScale.y
      value: 2
      objectReference: {fileID: 0}
    - target: {fileID: 2788689375642077275, guid: 08cb864b45307174d8ba72d8bc4296ec,
        type: 3}
      propertyPath: m_LocalScale.x
      value: 1
      objectReference: {fileID: 0}
    - target: {fileID: 2788689375642077275, guid: 08cb864b45307174d8ba72d8bc4296ec,
        type: 3}
      propertyPath: m_LocalScale.z
      value: 2
      objectReference: {fileID: 0}
    m_RemovedComponents: []
  m_SourcePrefab: {fileID: 100100000, guid: 08cb864b45307174d8ba72d8bc4296ec, type: 3}
--- !u!4 &1054858227150727020 stripped
Transform:
  m_CorrespondingSourceObject: {fileID: 2788689375642077275, guid: 08cb864b45307174d8ba72d8bc4296ec,
    type: 3}
  m_PrefabInstance: {fileID: 2887073175424397111}
  m_PrefabAsset: {fileID: 0}
--- !u!1001 &2887073175467191876
PrefabInstance:
  m_ObjectHideFlags: 0
  serializedVersion: 2
  m_Modification:
    m_TransformParent: {fileID: 3939077443825328278}
    m_Modifications:
    - target: {fileID: 2788689375641916539, guid: 08cb864b45307174d8ba72d8bc4296ec,
        type: 3}
      propertyPath: m_Name
      value: wall-2 (97)
      objectReference: {fileID: 0}
    - target: {fileID: 2788689375642077275, guid: 08cb864b45307174d8ba72d8bc4296ec,
        type: 3}
      propertyPath: m_LocalPosition.x
      value: 14.020905
      objectReference: {fileID: 0}
    - target: {fileID: 2788689375642077275, guid: 08cb864b45307174d8ba72d8bc4296ec,
        type: 3}
      propertyPath: m_LocalPosition.y
      value: 19.88375
      objectReference: {fileID: 0}
    - target: {fileID: 2788689375642077275, guid: 08cb864b45307174d8ba72d8bc4296ec,
        type: 3}
      propertyPath: m_LocalPosition.z
      value: -1.0029325
      objectReference: {fileID: 0}
    - target: {fileID: 2788689375642077275, guid: 08cb864b45307174d8ba72d8bc4296ec,
        type: 3}
      propertyPath: m_LocalRotation.x
      value: -0
      objectReference: {fileID: 0}
    - target: {fileID: 2788689375642077275, guid: 08cb864b45307174d8ba72d8bc4296ec,
        type: 3}
      propertyPath: m_LocalRotation.y
      value: -0
      objectReference: {fileID: 0}
    - target: {fileID: 2788689375642077275, guid: 08cb864b45307174d8ba72d8bc4296ec,
        type: 3}
      propertyPath: m_LocalRotation.z
      value: -0
      objectReference: {fileID: 0}
    - target: {fileID: 2788689375642077275, guid: 08cb864b45307174d8ba72d8bc4296ec,
        type: 3}
      propertyPath: m_LocalRotation.w
      value: 1
      objectReference: {fileID: 0}
    - target: {fileID: 2788689375642077275, guid: 08cb864b45307174d8ba72d8bc4296ec,
        type: 3}
      propertyPath: m_RootOrder
      value: 11
      objectReference: {fileID: 0}
    - target: {fileID: 2788689375642077275, guid: 08cb864b45307174d8ba72d8bc4296ec,
        type: 3}
      propertyPath: m_LocalEulerAnglesHint.x
      value: 0
      objectReference: {fileID: 0}
    - target: {fileID: 2788689375642077275, guid: 08cb864b45307174d8ba72d8bc4296ec,
        type: 3}
      propertyPath: m_LocalEulerAnglesHint.y
      value: 0
      objectReference: {fileID: 0}
    - target: {fileID: 2788689375642077275, guid: 08cb864b45307174d8ba72d8bc4296ec,
        type: 3}
      propertyPath: m_LocalEulerAnglesHint.z
      value: 0
      objectReference: {fileID: 0}
    - target: {fileID: 2788689375642077275, guid: 08cb864b45307174d8ba72d8bc4296ec,
        type: 3}
      propertyPath: m_LocalScale.y
      value: 2
      objectReference: {fileID: 0}
    m_RemovedComponents: []
  m_SourcePrefab: {fileID: 100100000, guid: 08cb864b45307174d8ba72d8bc4296ec, type: 3}
--- !u!4 &1054858226925479455 stripped
Transform:
  m_CorrespondingSourceObject: {fileID: 2788689375642077275, guid: 08cb864b45307174d8ba72d8bc4296ec,
    type: 3}
  m_PrefabInstance: {fileID: 2887073175467191876}
  m_PrefabAsset: {fileID: 0}
--- !u!1001 &2887073175489491431
PrefabInstance:
  m_ObjectHideFlags: 0
  serializedVersion: 2
  m_Modification:
    m_TransformParent: {fileID: 3939077443825328278}
    m_Modifications:
    - target: {fileID: 2788689375641916539, guid: 08cb864b45307174d8ba72d8bc4296ec,
        type: 3}
      propertyPath: m_Name
      value: wall-2 (12)
      objectReference: {fileID: 0}
    - target: {fileID: 2788689375642077275, guid: 08cb864b45307174d8ba72d8bc4296ec,
        type: 3}
      propertyPath: m_LocalPosition.x
      value: 13.020905
      objectReference: {fileID: 0}
    - target: {fileID: 2788689375642077275, guid: 08cb864b45307174d8ba72d8bc4296ec,
        type: 3}
      propertyPath: m_LocalPosition.y
      value: 15.883751
      objectReference: {fileID: 0}
    - target: {fileID: 2788689375642077275, guid: 08cb864b45307174d8ba72d8bc4296ec,
        type: 3}
      propertyPath: m_LocalPosition.z
      value: 1.9970675
      objectReference: {fileID: 0}
    - target: {fileID: 2788689375642077275, guid: 08cb864b45307174d8ba72d8bc4296ec,
        type: 3}
      propertyPath: m_LocalRotation.x
      value: -0
      objectReference: {fileID: 0}
    - target: {fileID: 2788689375642077275, guid: 08cb864b45307174d8ba72d8bc4296ec,
        type: 3}
      propertyPath: m_LocalRotation.y
      value: -0
      objectReference: {fileID: 0}
    - target: {fileID: 2788689375642077275, guid: 08cb864b45307174d8ba72d8bc4296ec,
        type: 3}
      propertyPath: m_LocalRotation.z
      value: -0
      objectReference: {fileID: 0}
    - target: {fileID: 2788689375642077275, guid: 08cb864b45307174d8ba72d8bc4296ec,
        type: 3}
      propertyPath: m_LocalRotation.w
      value: 1
      objectReference: {fileID: 0}
    - target: {fileID: 2788689375642077275, guid: 08cb864b45307174d8ba72d8bc4296ec,
        type: 3}
      propertyPath: m_RootOrder
      value: 3
      objectReference: {fileID: 0}
    - target: {fileID: 2788689375642077275, guid: 08cb864b45307174d8ba72d8bc4296ec,
        type: 3}
      propertyPath: m_LocalEulerAnglesHint.x
      value: 0
      objectReference: {fileID: 0}
    - target: {fileID: 2788689375642077275, guid: 08cb864b45307174d8ba72d8bc4296ec,
        type: 3}
      propertyPath: m_LocalEulerAnglesHint.y
      value: 0
      objectReference: {fileID: 0}
    - target: {fileID: 2788689375642077275, guid: 08cb864b45307174d8ba72d8bc4296ec,
        type: 3}
      propertyPath: m_LocalEulerAnglesHint.z
      value: 0
      objectReference: {fileID: 0}
    - target: {fileID: 2788689375642077275, guid: 08cb864b45307174d8ba72d8bc4296ec,
        type: 3}
      propertyPath: m_LocalScale.y
      value: 2
      objectReference: {fileID: 0}
    - target: {fileID: 2788689375642077275, guid: 08cb864b45307174d8ba72d8bc4296ec,
        type: 3}
      propertyPath: m_LocalScale.z
      value: 2
      objectReference: {fileID: 0}
    - target: {fileID: 2788689375642077273, guid: 08cb864b45307174d8ba72d8bc4296ec,
        type: 3}
      propertyPath: m_LocalPosition.x
      value: -0
      objectReference: {fileID: 0}
    - target: {fileID: 2788689375642077273, guid: 08cb864b45307174d8ba72d8bc4296ec,
        type: 3}
      propertyPath: m_LocalPosition.y
      value: 0
      objectReference: {fileID: 0}
    - target: {fileID: 2788689375642077273, guid: 08cb864b45307174d8ba72d8bc4296ec,
        type: 3}
      propertyPath: m_LocalPosition.z
      value: -0.25
      objectReference: {fileID: 0}
    - target: {fileID: 2465675636899966598, guid: 08cb864b45307174d8ba72d8bc4296ec,
        type: 3}
      propertyPath: m_Enabled
      value: 1
      objectReference: {fileID: 0}
    m_RemovedComponents: []
  m_SourcePrefab: {fileID: 100100000, guid: 08cb864b45307174d8ba72d8bc4296ec, type: 3}
--- !u!4 &1054858226946898364 stripped
Transform:
  m_CorrespondingSourceObject: {fileID: 2788689375642077275, guid: 08cb864b45307174d8ba72d8bc4296ec,
    type: 3}
  m_PrefabInstance: {fileID: 2887073175489491431}
  m_PrefabAsset: {fileID: 0}
--- !u!1001 &2887073175715829924
PrefabInstance:
  m_ObjectHideFlags: 0
  serializedVersion: 2
  m_Modification:
    m_TransformParent: {fileID: 3939077443825328278}
    m_Modifications:
    - target: {fileID: 2788689375641916539, guid: 08cb864b45307174d8ba72d8bc4296ec,
        type: 3}
      propertyPath: m_Name
      value: wall-2 (8)
      objectReference: {fileID: 0}
    - target: {fileID: 2788689375642077275, guid: 08cb864b45307174d8ba72d8bc4296ec,
        type: 3}
      propertyPath: m_LocalPosition.x
      value: 14.020905
      objectReference: {fileID: 0}
    - target: {fileID: 2788689375642077275, guid: 08cb864b45307174d8ba72d8bc4296ec,
        type: 3}
      propertyPath: m_LocalPosition.y
      value: 15.883751
      objectReference: {fileID: 0}
    - target: {fileID: 2788689375642077275, guid: 08cb864b45307174d8ba72d8bc4296ec,
        type: 3}
      propertyPath: m_LocalPosition.z
      value: -1.0029325
      objectReference: {fileID: 0}
    - target: {fileID: 2788689375642077275, guid: 08cb864b45307174d8ba72d8bc4296ec,
        type: 3}
      propertyPath: m_LocalRotation.x
      value: -0
      objectReference: {fileID: 0}
    - target: {fileID: 2788689375642077275, guid: 08cb864b45307174d8ba72d8bc4296ec,
        type: 3}
      propertyPath: m_LocalRotation.y
      value: -0
      objectReference: {fileID: 0}
    - target: {fileID: 2788689375642077275, guid: 08cb864b45307174d8ba72d8bc4296ec,
        type: 3}
      propertyPath: m_LocalRotation.z
      value: -0
      objectReference: {fileID: 0}
    - target: {fileID: 2788689375642077275, guid: 08cb864b45307174d8ba72d8bc4296ec,
        type: 3}
      propertyPath: m_LocalRotation.w
      value: 1
      objectReference: {fileID: 0}
    - target: {fileID: 2788689375642077275, guid: 08cb864b45307174d8ba72d8bc4296ec,
        type: 3}
      propertyPath: m_RootOrder
      value: 1
      objectReference: {fileID: 0}
    - target: {fileID: 2788689375642077275, guid: 08cb864b45307174d8ba72d8bc4296ec,
        type: 3}
      propertyPath: m_LocalEulerAnglesHint.x
      value: 0
      objectReference: {fileID: 0}
    - target: {fileID: 2788689375642077275, guid: 08cb864b45307174d8ba72d8bc4296ec,
        type: 3}
      propertyPath: m_LocalEulerAnglesHint.y
      value: 0
      objectReference: {fileID: 0}
    - target: {fileID: 2788689375642077275, guid: 08cb864b45307174d8ba72d8bc4296ec,
        type: 3}
      propertyPath: m_LocalEulerAnglesHint.z
      value: 0
      objectReference: {fileID: 0}
    - target: {fileID: 2788689375642077275, guid: 08cb864b45307174d8ba72d8bc4296ec,
        type: 3}
      propertyPath: m_LocalScale.y
      value: 2
      objectReference: {fileID: 0}
    m_RemovedComponents: []
  m_SourcePrefab: {fileID: 100100000, guid: 08cb864b45307174d8ba72d8bc4296ec, type: 3}
--- !u!4 &1054858225294545151 stripped
Transform:
  m_CorrespondingSourceObject: {fileID: 2788689375642077275, guid: 08cb864b45307174d8ba72d8bc4296ec,
    type: 3}
  m_PrefabInstance: {fileID: 2887073175715829924}
  m_PrefabAsset: {fileID: 0}
--- !u!1001 &2887073175732227836
PrefabInstance:
  m_ObjectHideFlags: 0
  serializedVersion: 2
  m_Modification:
    m_TransformParent: {fileID: 3939077443825328278}
    m_Modifications:
    - target: {fileID: 2788689375641916539, guid: 08cb864b45307174d8ba72d8bc4296ec,
        type: 3}
      propertyPath: m_Name
      value: wall-2 (54)
      objectReference: {fileID: 0}
    - target: {fileID: 2788689375642077275, guid: 08cb864b45307174d8ba72d8bc4296ec,
        type: 3}
      propertyPath: m_LocalPosition.x
      value: 14.020905
      objectReference: {fileID: 0}
    - target: {fileID: 2788689375642077275, guid: 08cb864b45307174d8ba72d8bc4296ec,
        type: 3}
      propertyPath: m_LocalPosition.y
      value: 17.88375
      objectReference: {fileID: 0}
    - target: {fileID: 2788689375642077275, guid: 08cb864b45307174d8ba72d8bc4296ec,
        type: 3}
      propertyPath: m_LocalPosition.z
      value: -1.0029325
      objectReference: {fileID: 0}
    - target: {fileID: 2788689375642077275, guid: 08cb864b45307174d8ba72d8bc4296ec,
        type: 3}
      propertyPath: m_LocalRotation.x
      value: -0
      objectReference: {fileID: 0}
    - target: {fileID: 2788689375642077275, guid: 08cb864b45307174d8ba72d8bc4296ec,
        type: 3}
      propertyPath: m_LocalRotation.y
      value: -0
      objectReference: {fileID: 0}
    - target: {fileID: 2788689375642077275, guid: 08cb864b45307174d8ba72d8bc4296ec,
        type: 3}
      propertyPath: m_LocalRotation.z
      value: -0
      objectReference: {fileID: 0}
    - target: {fileID: 2788689375642077275, guid: 08cb864b45307174d8ba72d8bc4296ec,
        type: 3}
      propertyPath: m_LocalRotation.w
      value: 1
      objectReference: {fileID: 0}
    - target: {fileID: 2788689375642077275, guid: 08cb864b45307174d8ba72d8bc4296ec,
        type: 3}
      propertyPath: m_RootOrder
      value: 7
      objectReference: {fileID: 0}
    - target: {fileID: 2788689375642077275, guid: 08cb864b45307174d8ba72d8bc4296ec,
        type: 3}
      propertyPath: m_LocalEulerAnglesHint.x
      value: 0
      objectReference: {fileID: 0}
    - target: {fileID: 2788689375642077275, guid: 08cb864b45307174d8ba72d8bc4296ec,
        type: 3}
      propertyPath: m_LocalEulerAnglesHint.y
      value: 0
      objectReference: {fileID: 0}
    - target: {fileID: 2788689375642077275, guid: 08cb864b45307174d8ba72d8bc4296ec,
        type: 3}
      propertyPath: m_LocalEulerAnglesHint.z
      value: 0
      objectReference: {fileID: 0}
    - target: {fileID: 2788689375642077275, guid: 08cb864b45307174d8ba72d8bc4296ec,
        type: 3}
      propertyPath: m_LocalScale.y
      value: 2
      objectReference: {fileID: 0}
    m_RemovedComponents: []
  m_SourcePrefab: {fileID: 100100000, guid: 08cb864b45307174d8ba72d8bc4296ec, type: 3}
--- !u!4 &1054858225043195559 stripped
Transform:
  m_CorrespondingSourceObject: {fileID: 2788689375642077275, guid: 08cb864b45307174d8ba72d8bc4296ec,
    type: 3}
  m_PrefabInstance: {fileID: 2887073175732227836}
  m_PrefabAsset: {fileID: 0}
--- !u!1001 &2887073176109538319
PrefabInstance:
  m_ObjectHideFlags: 0
  serializedVersion: 2
  m_Modification:
    m_TransformParent: {fileID: 3939077443825328278}
    m_Modifications:
    - target: {fileID: 2788689375641916539, guid: 08cb864b45307174d8ba72d8bc4296ec,
        type: 3}
      propertyPath: m_Name
      value: wall-2 (96)
      objectReference: {fileID: 0}
    - target: {fileID: 2788689375642077275, guid: 08cb864b45307174d8ba72d8bc4296ec,
        type: 3}
      propertyPath: m_LocalPosition.x
      value: 16.020905
      objectReference: {fileID: 0}
    - target: {fileID: 2788689375642077275, guid: 08cb864b45307174d8ba72d8bc4296ec,
        type: 3}
      propertyPath: m_LocalPosition.y
      value: 19.88375
      objectReference: {fileID: 0}
    - target: {fileID: 2788689375642077275, guid: 08cb864b45307174d8ba72d8bc4296ec,
        type: 3}
      propertyPath: m_LocalPosition.z
      value: -1.0029325
      objectReference: {fileID: 0}
    - target: {fileID: 2788689375642077275, guid: 08cb864b45307174d8ba72d8bc4296ec,
        type: 3}
      propertyPath: m_LocalRotation.x
      value: -0
      objectReference: {fileID: 0}
    - target: {fileID: 2788689375642077275, guid: 08cb864b45307174d8ba72d8bc4296ec,
        type: 3}
      propertyPath: m_LocalRotation.y
      value: -0
      objectReference: {fileID: 0}
    - target: {fileID: 2788689375642077275, guid: 08cb864b45307174d8ba72d8bc4296ec,
        type: 3}
      propertyPath: m_LocalRotation.z
      value: -0
      objectReference: {fileID: 0}
    - target: {fileID: 2788689375642077275, guid: 08cb864b45307174d8ba72d8bc4296ec,
        type: 3}
      propertyPath: m_LocalRotation.w
      value: 1
      objectReference: {fileID: 0}
    - target: {fileID: 2788689375642077275, guid: 08cb864b45307174d8ba72d8bc4296ec,
        type: 3}
      propertyPath: m_RootOrder
      value: 10
      objectReference: {fileID: 0}
    - target: {fileID: 2788689375642077275, guid: 08cb864b45307174d8ba72d8bc4296ec,
        type: 3}
      propertyPath: m_LocalEulerAnglesHint.x
      value: 0
      objectReference: {fileID: 0}
    - target: {fileID: 2788689375642077275, guid: 08cb864b45307174d8ba72d8bc4296ec,
        type: 3}
      propertyPath: m_LocalEulerAnglesHint.y
      value: 0
      objectReference: {fileID: 0}
    - target: {fileID: 2788689375642077275, guid: 08cb864b45307174d8ba72d8bc4296ec,
        type: 3}
      propertyPath: m_LocalEulerAnglesHint.z
      value: 0
      objectReference: {fileID: 0}
    - target: {fileID: 2788689375642077275, guid: 08cb864b45307174d8ba72d8bc4296ec,
        type: 3}
      propertyPath: m_LocalScale.y
      value: 2
      objectReference: {fileID: 0}
    - target: {fileID: 2788689375642077275, guid: 08cb864b45307174d8ba72d8bc4296ec,
        type: 3}
      propertyPath: m_LocalScale.z
      value: 1
      objectReference: {fileID: 0}
    - target: {fileID: 2788689375642077275, guid: 08cb864b45307174d8ba72d8bc4296ec,
        type: 3}
      propertyPath: m_LocalScale.x
      value: 2
      objectReference: {fileID: 0}
    - target: {fileID: 2788689375642077273, guid: 08cb864b45307174d8ba72d8bc4296ec,
        type: 3}
      propertyPath: m_LocalPosition.x
      value: -0.25
      objectReference: {fileID: 0}
    - target: {fileID: 2788689375642077273, guid: 08cb864b45307174d8ba72d8bc4296ec,
        type: 3}
      propertyPath: m_LocalPosition.y
      value: 0
      objectReference: {fileID: 0}
    - target: {fileID: 2788689375642077273, guid: 08cb864b45307174d8ba72d8bc4296ec,
        type: 3}
      propertyPath: m_LocalPosition.z
      value: 0
      objectReference: {fileID: 0}
    m_RemovedComponents: []
  m_SourcePrefab: {fileID: 100100000, guid: 08cb864b45307174d8ba72d8bc4296ec, type: 3}
--- !u!4 &1054858225420866644 stripped
Transform:
  m_CorrespondingSourceObject: {fileID: 2788689375642077275, guid: 08cb864b45307174d8ba72d8bc4296ec,
    type: 3}
  m_PrefabInstance: {fileID: 2887073176109538319}
  m_PrefabAsset: {fileID: 0}
--- !u!1001 &2887073176226156486
PrefabInstance:
  m_ObjectHideFlags: 0
  serializedVersion: 2
  m_Modification:
    m_TransformParent: {fileID: 3939077443825328278}
    m_Modifications:
    - target: {fileID: 2788689375641916539, guid: 08cb864b45307174d8ba72d8bc4296ec,
        type: 3}
      propertyPath: m_Name
      value: wall-2 (53)
      objectReference: {fileID: 0}
    - target: {fileID: 2788689375642077275, guid: 08cb864b45307174d8ba72d8bc4296ec,
        type: 3}
      propertyPath: m_LocalPosition.x
      value: 16.020905
      objectReference: {fileID: 0}
    - target: {fileID: 2788689375642077275, guid: 08cb864b45307174d8ba72d8bc4296ec,
        type: 3}
      propertyPath: m_LocalPosition.y
      value: 17.88375
      objectReference: {fileID: 0}
    - target: {fileID: 2788689375642077275, guid: 08cb864b45307174d8ba72d8bc4296ec,
        type: 3}
      propertyPath: m_LocalPosition.z
      value: -1.0029325
      objectReference: {fileID: 0}
    - target: {fileID: 2788689375642077275, guid: 08cb864b45307174d8ba72d8bc4296ec,
        type: 3}
      propertyPath: m_LocalRotation.x
      value: -0
      objectReference: {fileID: 0}
    - target: {fileID: 2788689375642077275, guid: 08cb864b45307174d8ba72d8bc4296ec,
        type: 3}
      propertyPath: m_LocalRotation.y
      value: -0
      objectReference: {fileID: 0}
    - target: {fileID: 2788689375642077275, guid: 08cb864b45307174d8ba72d8bc4296ec,
        type: 3}
      propertyPath: m_LocalRotation.z
      value: -0
      objectReference: {fileID: 0}
    - target: {fileID: 2788689375642077275, guid: 08cb864b45307174d8ba72d8bc4296ec,
        type: 3}
      propertyPath: m_LocalRotation.w
      value: 1
      objectReference: {fileID: 0}
    - target: {fileID: 2788689375642077275, guid: 08cb864b45307174d8ba72d8bc4296ec,
        type: 3}
      propertyPath: m_RootOrder
      value: 6
      objectReference: {fileID: 0}
    - target: {fileID: 2788689375642077275, guid: 08cb864b45307174d8ba72d8bc4296ec,
        type: 3}
      propertyPath: m_LocalEulerAnglesHint.x
      value: 0
      objectReference: {fileID: 0}
    - target: {fileID: 2788689375642077275, guid: 08cb864b45307174d8ba72d8bc4296ec,
        type: 3}
      propertyPath: m_LocalEulerAnglesHint.y
      value: 0
      objectReference: {fileID: 0}
    - target: {fileID: 2788689375642077275, guid: 08cb864b45307174d8ba72d8bc4296ec,
        type: 3}
      propertyPath: m_LocalEulerAnglesHint.z
      value: 0
      objectReference: {fileID: 0}
    - target: {fileID: 2788689375642077275, guid: 08cb864b45307174d8ba72d8bc4296ec,
        type: 3}
      propertyPath: m_LocalScale.y
      value: 2
      objectReference: {fileID: 0}
    - target: {fileID: 2788689375642077275, guid: 08cb864b45307174d8ba72d8bc4296ec,
        type: 3}
      propertyPath: m_LocalScale.x
      value: 2
      objectReference: {fileID: 0}
    - target: {fileID: 2788689375642077273, guid: 08cb864b45307174d8ba72d8bc4296ec,
        type: 3}
      propertyPath: m_LocalPosition.x
      value: -0.25
      objectReference: {fileID: 0}
    - target: {fileID: 2788689375642077273, guid: 08cb864b45307174d8ba72d8bc4296ec,
        type: 3}
      propertyPath: m_LocalPosition.y
      value: 0
      objectReference: {fileID: 0}
    - target: {fileID: 2788689375642077273, guid: 08cb864b45307174d8ba72d8bc4296ec,
        type: 3}
      propertyPath: m_LocalPosition.z
      value: 0
      objectReference: {fileID: 0}
    m_RemovedComponents: []
  m_SourcePrefab: {fileID: 100100000, guid: 08cb864b45307174d8ba72d8bc4296ec, type: 3}
--- !u!4 &1054858225805526941 stripped
Transform:
  m_CorrespondingSourceObject: {fileID: 2788689375642077275, guid: 08cb864b45307174d8ba72d8bc4296ec,
    type: 3}
  m_PrefabInstance: {fileID: 2887073176226156486}
  m_PrefabAsset: {fileID: 0}
--- !u!1001 &2887073176495817578
PrefabInstance:
  m_ObjectHideFlags: 0
  serializedVersion: 2
  m_Modification:
    m_TransformParent: {fileID: 3939077443825328278}
    m_Modifications:
    - target: {fileID: 2788689375641916539, guid: 08cb864b45307174d8ba72d8bc4296ec,
        type: 3}
      propertyPath: m_Name
      value: wall-2 (91)
      objectReference: {fileID: 0}
    - target: {fileID: 2788689375642077275, guid: 08cb864b45307174d8ba72d8bc4296ec,
        type: 3}
      propertyPath: m_LocalPosition.x
      value: 13.020905
      objectReference: {fileID: 0}
    - target: {fileID: 2788689375642077275, guid: 08cb864b45307174d8ba72d8bc4296ec,
        type: 3}
      propertyPath: m_LocalPosition.y
      value: 19.88375
      objectReference: {fileID: 0}
    - target: {fileID: 2788689375642077275, guid: 08cb864b45307174d8ba72d8bc4296ec,
        type: 3}
      propertyPath: m_LocalPosition.z
      value: 0.99706745
      objectReference: {fileID: 0}
    - target: {fileID: 2788689375642077275, guid: 08cb864b45307174d8ba72d8bc4296ec,
        type: 3}
      propertyPath: m_LocalRotation.x
      value: -0
      objectReference: {fileID: 0}
    - target: {fileID: 2788689375642077275, guid: 08cb864b45307174d8ba72d8bc4296ec,
        type: 3}
      propertyPath: m_LocalRotation.y
      value: -0
      objectReference: {fileID: 0}
    - target: {fileID: 2788689375642077275, guid: 08cb864b45307174d8ba72d8bc4296ec,
        type: 3}
      propertyPath: m_LocalRotation.z
      value: -0
      objectReference: {fileID: 0}
    - target: {fileID: 2788689375642077275, guid: 08cb864b45307174d8ba72d8bc4296ec,
        type: 3}
      propertyPath: m_LocalRotation.w
      value: 1
      objectReference: {fileID: 0}
    - target: {fileID: 2788689375642077275, guid: 08cb864b45307174d8ba72d8bc4296ec,
        type: 3}
      propertyPath: m_RootOrder
      value: 9
      objectReference: {fileID: 0}
    - target: {fileID: 2788689375642077275, guid: 08cb864b45307174d8ba72d8bc4296ec,
        type: 3}
      propertyPath: m_LocalEulerAnglesHint.x
      value: 0
      objectReference: {fileID: 0}
    - target: {fileID: 2788689375642077275, guid: 08cb864b45307174d8ba72d8bc4296ec,
        type: 3}
      propertyPath: m_LocalEulerAnglesHint.y
      value: 0
      objectReference: {fileID: 0}
    - target: {fileID: 2788689375642077275, guid: 08cb864b45307174d8ba72d8bc4296ec,
        type: 3}
      propertyPath: m_LocalEulerAnglesHint.z
      value: 0
      objectReference: {fileID: 0}
    - target: {fileID: 2788689375642077275, guid: 08cb864b45307174d8ba72d8bc4296ec,
        type: 3}
      propertyPath: m_LocalScale.z
      value: 2
      objectReference: {fileID: 0}
    - target: {fileID: 2788689375642077275, guid: 08cb864b45307174d8ba72d8bc4296ec,
        type: 3}
      propertyPath: m_LocalScale.y
      value: 2
      objectReference: {fileID: 0}
    - target: {fileID: 2788689375642077273, guid: 08cb864b45307174d8ba72d8bc4296ec,
        type: 3}
      propertyPath: m_LocalPosition.x
      value: -0
      objectReference: {fileID: 0}
    - target: {fileID: 2788689375642077273, guid: 08cb864b45307174d8ba72d8bc4296ec,
        type: 3}
      propertyPath: m_LocalPosition.y
      value: 0
      objectReference: {fileID: 0}
    - target: {fileID: 2788689375642077273, guid: 08cb864b45307174d8ba72d8bc4296ec,
        type: 3}
      propertyPath: m_LocalPosition.z
      value: 0.25
      objectReference: {fileID: 0}
    - target: {fileID: 2465675636899966598, guid: 08cb864b45307174d8ba72d8bc4296ec,
        type: 3}
      propertyPath: m_Enabled
      value: 1
      objectReference: {fileID: 0}
    m_RemovedComponents: []
  m_SourcePrefab: {fileID: 100100000, guid: 08cb864b45307174d8ba72d8bc4296ec, type: 3}
--- !u!4 &1054858226075093809 stripped
Transform:
  m_CorrespondingSourceObject: {fileID: 2788689375642077275, guid: 08cb864b45307174d8ba72d8bc4296ec,
    type: 3}
  m_PrefabInstance: {fileID: 2887073176495817578}
  m_PrefabAsset: {fileID: 0}
--- !u!1001 &2942957784498185821
PrefabInstance:
  m_ObjectHideFlags: 0
  serializedVersion: 2
  m_Modification:
    m_TransformParent: {fileID: 3939077443825328278}
    m_Modifications:
    - target: {fileID: 2788689375641916539, guid: 08cb864b45307174d8ba72d8bc4296ec,
        type: 3}
      propertyPath: m_Name
      value: wall-2 (107)
      objectReference: {fileID: 0}
    - target: {fileID: 2788689375642077275, guid: 08cb864b45307174d8ba72d8bc4296ec,
        type: 3}
      propertyPath: m_LocalPosition.x
      value: 15.020996
      objectReference: {fileID: 0}
    - target: {fileID: 2788689375642077275, guid: 08cb864b45307174d8ba72d8bc4296ec,
        type: 3}
      propertyPath: m_LocalPosition.y
      value: 19.88375
      objectReference: {fileID: 0}
    - target: {fileID: 2788689375642077275, guid: 08cb864b45307174d8ba72d8bc4296ec,
        type: 3}
      propertyPath: m_LocalPosition.z
      value: -0.0029301643
      objectReference: {fileID: 0}
    - target: {fileID: 2788689375642077275, guid: 08cb864b45307174d8ba72d8bc4296ec,
        type: 3}
      propertyPath: m_LocalRotation.x
      value: -0
      objectReference: {fileID: 0}
    - target: {fileID: 2788689375642077275, guid: 08cb864b45307174d8ba72d8bc4296ec,
        type: 3}
      propertyPath: m_LocalRotation.y
      value: -0
      objectReference: {fileID: 0}
    - target: {fileID: 2788689375642077275, guid: 08cb864b45307174d8ba72d8bc4296ec,
        type: 3}
      propertyPath: m_LocalRotation.z
      value: -0
      objectReference: {fileID: 0}
    - target: {fileID: 2788689375642077275, guid: 08cb864b45307174d8ba72d8bc4296ec,
        type: 3}
      propertyPath: m_LocalRotation.w
      value: 1
      objectReference: {fileID: 0}
    - target: {fileID: 2788689375642077275, guid: 08cb864b45307174d8ba72d8bc4296ec,
        type: 3}
      propertyPath: m_RootOrder
      value: 21
      objectReference: {fileID: 0}
    - target: {fileID: 2788689375642077275, guid: 08cb864b45307174d8ba72d8bc4296ec,
        type: 3}
      propertyPath: m_LocalEulerAnglesHint.x
      value: 0
      objectReference: {fileID: 0}
    - target: {fileID: 2788689375642077275, guid: 08cb864b45307174d8ba72d8bc4296ec,
        type: 3}
      propertyPath: m_LocalEulerAnglesHint.y
      value: 0
      objectReference: {fileID: 0}
    - target: {fileID: 2788689375642077275, guid: 08cb864b45307174d8ba72d8bc4296ec,
        type: 3}
      propertyPath: m_LocalEulerAnglesHint.z
      value: 0
      objectReference: {fileID: 0}
    - target: {fileID: 868363230557726240, guid: 08cb864b45307174d8ba72d8bc4296ec,
        type: 3}
      propertyPath: canSetUnit
      value: 1
      objectReference: {fileID: 0}
    m_RemovedComponents: []
  m_SourcePrefab: {fileID: 100100000, guid: 08cb864b45307174d8ba72d8bc4296ec, type: 3}
--- !u!4 &1036978782959922694 stripped
Transform:
  m_CorrespondingSourceObject: {fileID: 2788689375642077275, guid: 08cb864b45307174d8ba72d8bc4296ec,
    type: 3}
  m_PrefabInstance: {fileID: 2942957784498185821}
  m_PrefabAsset: {fileID: 0}
--- !u!1001 &3183869992076764647
PrefabInstance:
  m_ObjectHideFlags: 0
  serializedVersion: 2
  m_Modification:
    m_TransformParent: {fileID: 3939077443825328278}
    m_Modifications:
    - target: {fileID: 2788689375641916539, guid: 08cb864b45307174d8ba72d8bc4296ec,
        type: 3}
      propertyPath: m_Name
      value: wall-2
      objectReference: {fileID: 0}
    - target: {fileID: 2788689375642077275, guid: 08cb864b45307174d8ba72d8bc4296ec,
        type: 3}
      propertyPath: m_LocalPosition.x
      value: 14.97
      objectReference: {fileID: 0}
    - target: {fileID: 2788689375642077275, guid: 08cb864b45307174d8ba72d8bc4296ec,
        type: 3}
      propertyPath: m_LocalPosition.y
      value: 14.884
      objectReference: {fileID: 0}
    - target: {fileID: 2788689375642077275, guid: 08cb864b45307174d8ba72d8bc4296ec,
        type: 3}
      propertyPath: m_LocalPosition.z
      value: 1
      objectReference: {fileID: 0}
    - target: {fileID: 2788689375642077275, guid: 08cb864b45307174d8ba72d8bc4296ec,
        type: 3}
      propertyPath: m_LocalRotation.x
      value: -0
      objectReference: {fileID: 0}
    - target: {fileID: 2788689375642077275, guid: 08cb864b45307174d8ba72d8bc4296ec,
        type: 3}
      propertyPath: m_LocalRotation.y
      value: -0
      objectReference: {fileID: 0}
    - target: {fileID: 2788689375642077275, guid: 08cb864b45307174d8ba72d8bc4296ec,
        type: 3}
      propertyPath: m_LocalRotation.z
      value: -0
      objectReference: {fileID: 0}
    - target: {fileID: 2788689375642077275, guid: 08cb864b45307174d8ba72d8bc4296ec,
        type: 3}
      propertyPath: m_LocalRotation.w
      value: 1
      objectReference: {fileID: 0}
    - target: {fileID: 2788689375642077275, guid: 08cb864b45307174d8ba72d8bc4296ec,
        type: 3}
      propertyPath: m_RootOrder
      value: 26
      objectReference: {fileID: 0}
    - target: {fileID: 2788689375642077275, guid: 08cb864b45307174d8ba72d8bc4296ec,
        type: 3}
      propertyPath: m_LocalEulerAnglesHint.x
      value: 0
      objectReference: {fileID: 0}
    - target: {fileID: 2788689375642077275, guid: 08cb864b45307174d8ba72d8bc4296ec,
        type: 3}
      propertyPath: m_LocalEulerAnglesHint.y
      value: 0
      objectReference: {fileID: 0}
    - target: {fileID: 2788689375642077275, guid: 08cb864b45307174d8ba72d8bc4296ec,
        type: 3}
      propertyPath: m_LocalEulerAnglesHint.z
      value: 0
      objectReference: {fileID: 0}
    m_RemovedComponents: []
  m_SourcePrefab: {fileID: 100100000, guid: 08cb864b45307174d8ba72d8bc4296ec, type: 3}
--- !u!4 &764497950327942588 stripped
Transform:
  m_CorrespondingSourceObject: {fileID: 2788689375642077275, guid: 08cb864b45307174d8ba72d8bc4296ec,
    type: 3}
  m_PrefabInstance: {fileID: 3183869992076764647}
  m_PrefabAsset: {fileID: 0}
--- !u!1001 &4305238600723569611
PrefabInstance:
  m_ObjectHideFlags: 0
  serializedVersion: 2
  m_Modification:
    m_TransformParent: {fileID: 3939077443825328278}
    m_Modifications:
    - target: {fileID: 7430100271088076383, guid: 24f7d267660116747aca1d4324ee99e3,
        type: 3}
      propertyPath: m_Name
      value: roof-0
      objectReference: {fileID: 0}
    - target: {fileID: 7430100271087917695, guid: 24f7d267660116747aca1d4324ee99e3,
        type: 3}
      propertyPath: m_LocalPosition.x
      value: 13.021
      objectReference: {fileID: 0}
    - target: {fileID: 7430100271087917695, guid: 24f7d267660116747aca1d4324ee99e3,
        type: 3}
      propertyPath: m_LocalPosition.y
      value: 21.88375
      objectReference: {fileID: 0}
    - target: {fileID: 7430100271087917695, guid: 24f7d267660116747aca1d4324ee99e3,
        type: 3}
      propertyPath: m_LocalPosition.z
      value: 1.9971
      objectReference: {fileID: 0}
    - target: {fileID: 7430100271087917695, guid: 24f7d267660116747aca1d4324ee99e3,
        type: 3}
      propertyPath: m_LocalRotation.x
      value: -0
      objectReference: {fileID: 0}
    - target: {fileID: 7430100271087917695, guid: 24f7d267660116747aca1d4324ee99e3,
        type: 3}
      propertyPath: m_LocalRotation.y
      value: -0
      objectReference: {fileID: 0}
    - target: {fileID: 7430100271087917695, guid: 24f7d267660116747aca1d4324ee99e3,
        type: 3}
      propertyPath: m_LocalRotation.z
      value: -0
      objectReference: {fileID: 0}
    - target: {fileID: 7430100271087917695, guid: 24f7d267660116747aca1d4324ee99e3,
        type: 3}
      propertyPath: m_LocalRotation.w
      value: 1
      objectReference: {fileID: 0}
    - target: {fileID: 7430100271087917695, guid: 24f7d267660116747aca1d4324ee99e3,
        type: 3}
      propertyPath: m_RootOrder
      value: 23
      objectReference: {fileID: 0}
    - target: {fileID: 7430100271087917695, guid: 24f7d267660116747aca1d4324ee99e3,
        type: 3}
      propertyPath: m_LocalEulerAnglesHint.x
      value: 0
      objectReference: {fileID: 0}
    - target: {fileID: 7430100271087917695, guid: 24f7d267660116747aca1d4324ee99e3,
        type: 3}
      propertyPath: m_LocalEulerAnglesHint.y
      value: 0
      objectReference: {fileID: 0}
    - target: {fileID: 7430100271087917695, guid: 24f7d267660116747aca1d4324ee99e3,
        type: 3}
      propertyPath: m_LocalEulerAnglesHint.z
      value: 0
      objectReference: {fileID: 0}
    m_RemovedComponents: []
  m_SourcePrefab: {fileID: 100100000, guid: 24f7d267660116747aca1d4324ee99e3, type: 3}
--- !u!4 &6674971707290616244 stripped
Transform:
  m_CorrespondingSourceObject: {fileID: 7430100271087917695, guid: 24f7d267660116747aca1d4324ee99e3,
    type: 3}
  m_PrefabInstance: {fileID: 4305238600723569611}
  m_PrefabAsset: {fileID: 0}
--- !u!1001 &4636630471140416642
PrefabInstance:
  m_ObjectHideFlags: 0
  serializedVersion: 2
  m_Modification:
    m_TransformParent: {fileID: 3939077443825328278}
    m_Modifications:
    - target: {fileID: 2788689375641916539, guid: 08cb864b45307174d8ba72d8bc4296ec,
        type: 3}
      propertyPath: m_Name
      value: wall-2 (80)
      objectReference: {fileID: 0}
    - target: {fileID: 2788689375642077275, guid: 08cb864b45307174d8ba72d8bc4296ec,
        type: 3}
      propertyPath: m_LocalPosition.x
      value: 16.020905
      objectReference: {fileID: 0}
    - target: {fileID: 2788689375642077275, guid: 08cb864b45307174d8ba72d8bc4296ec,
        type: 3}
      propertyPath: m_LocalPosition.y
      value: 19.88375
      objectReference: {fileID: 0}
    - target: {fileID: 2788689375642077275, guid: 08cb864b45307174d8ba72d8bc4296ec,
        type: 3}
      propertyPath: m_LocalPosition.z
      value: -0.0029325485
      objectReference: {fileID: 0}
    - target: {fileID: 2788689375642077275, guid: 08cb864b45307174d8ba72d8bc4296ec,
        type: 3}
      propertyPath: m_LocalRotation.x
      value: -0
      objectReference: {fileID: 0}
    - target: {fileID: 2788689375642077275, guid: 08cb864b45307174d8ba72d8bc4296ec,
        type: 3}
      propertyPath: m_LocalRotation.y
      value: -0
      objectReference: {fileID: 0}
    - target: {fileID: 2788689375642077275, guid: 08cb864b45307174d8ba72d8bc4296ec,
        type: 3}
      propertyPath: m_LocalRotation.z
      value: -0
      objectReference: {fileID: 0}
    - target: {fileID: 2788689375642077275, guid: 08cb864b45307174d8ba72d8bc4296ec,
        type: 3}
      propertyPath: m_LocalRotation.w
      value: 1
      objectReference: {fileID: 0}
    - target: {fileID: 2788689375642077275, guid: 08cb864b45307174d8ba72d8bc4296ec,
        type: 3}
      propertyPath: m_RootOrder
      value: 13
      objectReference: {fileID: 0}
    - target: {fileID: 2788689375642077275, guid: 08cb864b45307174d8ba72d8bc4296ec,
        type: 3}
      propertyPath: m_LocalEulerAnglesHint.x
      value: 0
      objectReference: {fileID: 0}
    - target: {fileID: 2788689375642077275, guid: 08cb864b45307174d8ba72d8bc4296ec,
        type: 3}
      propertyPath: m_LocalEulerAnglesHint.y
      value: 0
      objectReference: {fileID: 0}
    - target: {fileID: 2788689375642077275, guid: 08cb864b45307174d8ba72d8bc4296ec,
        type: 3}
      propertyPath: m_LocalEulerAnglesHint.z
      value: 0
      objectReference: {fileID: 0}
    - target: {fileID: 868363230557726240, guid: 08cb864b45307174d8ba72d8bc4296ec,
        type: 3}
      propertyPath: canSetUnit
      value: 1
      objectReference: {fileID: 0}
    m_RemovedComponents: []
  m_SourcePrefab: {fileID: 100100000, guid: 08cb864b45307174d8ba72d8bc4296ec, type: 3}
--- !u!4 &7416290517440189657 stripped
Transform:
  m_CorrespondingSourceObject: {fileID: 2788689375642077275, guid: 08cb864b45307174d8ba72d8bc4296ec,
    type: 3}
  m_PrefabInstance: {fileID: 4636630471140416642}
  m_PrefabAsset: {fileID: 0}
--- !u!1001 &7306552948197596573
PrefabInstance:
  m_ObjectHideFlags: 0
  serializedVersion: 2
  m_Modification:
    m_TransformParent: {fileID: 3939077443825328278}
    m_Modifications:
    - target: {fileID: 2788689375641916539, guid: 08cb864b45307174d8ba72d8bc4296ec,
        type: 3}
      propertyPath: m_Name
      value: wall-2 (102)
      objectReference: {fileID: 0}
    - target: {fileID: 2788689375642077275, guid: 08cb864b45307174d8ba72d8bc4296ec,
        type: 3}
      propertyPath: m_LocalPosition.x
      value: 14.020905
      objectReference: {fileID: 0}
    - target: {fileID: 2788689375642077275, guid: 08cb864b45307174d8ba72d8bc4296ec,
        type: 3}
      propertyPath: m_LocalPosition.y
      value: 19.88375
      objectReference: {fileID: 0}
    - target: {fileID: 2788689375642077275, guid: 08cb864b45307174d8ba72d8bc4296ec,
        type: 3}
      propertyPath: m_LocalPosition.z
      value: 1.9970675
      objectReference: {fileID: 0}
    - target: {fileID: 2788689375642077275, guid: 08cb864b45307174d8ba72d8bc4296ec,
        type: 3}
      propertyPath: m_LocalRotation.x
      value: -0
      objectReference: {fileID: 0}
    - target: {fileID: 2788689375642077275, guid: 08cb864b45307174d8ba72d8bc4296ec,
        type: 3}
      propertyPath: m_LocalRotation.y
      value: -0
      objectReference: {fileID: 0}
    - target: {fileID: 2788689375642077275, guid: 08cb864b45307174d8ba72d8bc4296ec,
        type: 3}
      propertyPath: m_LocalRotation.z
      value: -0
      objectReference: {fileID: 0}
    - target: {fileID: 2788689375642077275, guid: 08cb864b45307174d8ba72d8bc4296ec,
        type: 3}
      propertyPath: m_LocalRotation.w
      value: 1
      objectReference: {fileID: 0}
    - target: {fileID: 2788689375642077275, guid: 08cb864b45307174d8ba72d8bc4296ec,
        type: 3}
      propertyPath: m_RootOrder
      value: 16
      objectReference: {fileID: 0}
    - target: {fileID: 2788689375642077275, guid: 08cb864b45307174d8ba72d8bc4296ec,
        type: 3}
      propertyPath: m_LocalEulerAnglesHint.x
      value: 0
      objectReference: {fileID: 0}
    - target: {fileID: 2788689375642077275, guid: 08cb864b45307174d8ba72d8bc4296ec,
        type: 3}
      propertyPath: m_LocalEulerAnglesHint.y
      value: 0
      objectReference: {fileID: 0}
    - target: {fileID: 2788689375642077275, guid: 08cb864b45307174d8ba72d8bc4296ec,
        type: 3}
      propertyPath: m_LocalEulerAnglesHint.z
      value: 0
      objectReference: {fileID: 0}
    - target: {fileID: 868363230557726240, guid: 08cb864b45307174d8ba72d8bc4296ec,
        type: 3}
      propertyPath: canSetUnit
      value: 1
      objectReference: {fileID: 0}
    m_RemovedComponents: []
  m_SourcePrefab: {fileID: 100100000, guid: 08cb864b45307174d8ba72d8bc4296ec, type: 3}
--- !u!4 &4887950442181154246 stripped
Transform:
  m_CorrespondingSourceObject: {fileID: 2788689375642077275, guid: 08cb864b45307174d8ba72d8bc4296ec,
    type: 3}
  m_PrefabInstance: {fileID: 7306552948197596573}
  m_PrefabAsset: {fileID: 0}
--- !u!1001 &7389195007145653404
PrefabInstance:
  m_ObjectHideFlags: 0
  serializedVersion: 2
  m_Modification:
    m_TransformParent: {fileID: 3939077443825328278}
    m_Modifications:
    - target: {fileID: 7430100271088076383, guid: 24f7d267660116747aca1d4324ee99e3,
        type: 3}
      propertyPath: m_Name
      value: roof-0 (1)
      objectReference: {fileID: 0}
    - target: {fileID: 7430100271087917695, guid: 24f7d267660116747aca1d4324ee99e3,
        type: 3}
      propertyPath: m_LocalPosition.x
      value: 13.021
      objectReference: {fileID: 0}
    - target: {fileID: 7430100271087917695, guid: 24f7d267660116747aca1d4324ee99e3,
        type: 3}
      propertyPath: m_LocalPosition.y
      value: 21.88375
      objectReference: {fileID: 0}
    - target: {fileID: 7430100271087917695, guid: 24f7d267660116747aca1d4324ee99e3,
        type: 3}
      propertyPath: m_LocalPosition.z
      value: -0.0029325
      objectReference: {fileID: 0}
    - target: {fileID: 7430100271087917695, guid: 24f7d267660116747aca1d4324ee99e3,
        type: 3}
      propertyPath: m_LocalRotation.x
      value: -0
      objectReference: {fileID: 0}
    - target: {fileID: 7430100271087917695, guid: 24f7d267660116747aca1d4324ee99e3,
        type: 3}
      propertyPath: m_LocalRotation.y
      value: -0
      objectReference: {fileID: 0}
    - target: {fileID: 7430100271087917695, guid: 24f7d267660116747aca1d4324ee99e3,
        type: 3}
      propertyPath: m_LocalRotation.z
      value: -0
      objectReference: {fileID: 0}
    - target: {fileID: 7430100271087917695, guid: 24f7d267660116747aca1d4324ee99e3,
        type: 3}
      propertyPath: m_LocalRotation.w
      value: 1
      objectReference: {fileID: 0}
    - target: {fileID: 7430100271087917695, guid: 24f7d267660116747aca1d4324ee99e3,
        type: 3}
      propertyPath: m_RootOrder
      value: 24
      objectReference: {fileID: 0}
    - target: {fileID: 7430100271087917695, guid: 24f7d267660116747aca1d4324ee99e3,
        type: 3}
      propertyPath: m_LocalEulerAnglesHint.x
      value: 0
      objectReference: {fileID: 0}
    - target: {fileID: 7430100271087917695, guid: 24f7d267660116747aca1d4324ee99e3,
        type: 3}
      propertyPath: m_LocalEulerAnglesHint.y
      value: 0
      objectReference: {fileID: 0}
    - target: {fileID: 7430100271087917695, guid: 24f7d267660116747aca1d4324ee99e3,
        type: 3}
      propertyPath: m_LocalEulerAnglesHint.z
      value: 0
      objectReference: {fileID: 0}
    m_RemovedComponents: []
  m_SourcePrefab: {fileID: 100100000, guid: 24f7d267660116747aca1d4324ee99e3, type: 3}
--- !u!4 &114478269276565219 stripped
Transform:
  m_CorrespondingSourceObject: {fileID: 7430100271087917695, guid: 24f7d267660116747aca1d4324ee99e3,
    type: 3}
  m_PrefabInstance: {fileID: 7389195007145653404}
  m_PrefabAsset: {fileID: 0}
--- !u!1001 &7977088145161855982
PrefabInstance:
  m_ObjectHideFlags: 0
  serializedVersion: 2
  m_Modification:
    m_TransformParent: {fileID: 3939077443825328278}
    m_Modifications:
    - target: {fileID: 2788689375641916539, guid: 08cb864b45307174d8ba72d8bc4296ec,
        type: 3}
      propertyPath: m_Name
      value: wall-2 (81)
      objectReference: {fileID: 0}
    - target: {fileID: 2788689375642077275, guid: 08cb864b45307174d8ba72d8bc4296ec,
        type: 3}
      propertyPath: m_LocalPosition.x
      value: 16.020905
      objectReference: {fileID: 0}
    - target: {fileID: 2788689375642077275, guid: 08cb864b45307174d8ba72d8bc4296ec,
        type: 3}
      propertyPath: m_LocalPosition.y
      value: 19.88375
      objectReference: {fileID: 0}
    - target: {fileID: 2788689375642077275, guid: 08cb864b45307174d8ba72d8bc4296ec,
        type: 3}
      propertyPath: m_LocalPosition.z
      value: 1.9970675
      objectReference: {fileID: 0}
    - target: {fileID: 2788689375642077275, guid: 08cb864b45307174d8ba72d8bc4296ec,
        type: 3}
      propertyPath: m_LocalRotation.x
      value: -0
      objectReference: {fileID: 0}
    - target: {fileID: 2788689375642077275, guid: 08cb864b45307174d8ba72d8bc4296ec,
        type: 3}
      propertyPath: m_LocalRotation.y
      value: -0
      objectReference: {fileID: 0}
    - target: {fileID: 2788689375642077275, guid: 08cb864b45307174d8ba72d8bc4296ec,
        type: 3}
      propertyPath: m_LocalRotation.z
      value: -0
      objectReference: {fileID: 0}
    - target: {fileID: 2788689375642077275, guid: 08cb864b45307174d8ba72d8bc4296ec,
        type: 3}
      propertyPath: m_LocalRotation.w
      value: 1
      objectReference: {fileID: 0}
    - target: {fileID: 2788689375642077275, guid: 08cb864b45307174d8ba72d8bc4296ec,
        type: 3}
      propertyPath: m_RootOrder
      value: 14
      objectReference: {fileID: 0}
    - target: {fileID: 2788689375642077275, guid: 08cb864b45307174d8ba72d8bc4296ec,
        type: 3}
      propertyPath: m_LocalEulerAnglesHint.x
      value: 0
      objectReference: {fileID: 0}
    - target: {fileID: 2788689375642077275, guid: 08cb864b45307174d8ba72d8bc4296ec,
        type: 3}
      propertyPath: m_LocalEulerAnglesHint.y
      value: 0
      objectReference: {fileID: 0}
    - target: {fileID: 2788689375642077275, guid: 08cb864b45307174d8ba72d8bc4296ec,
        type: 3}
      propertyPath: m_LocalEulerAnglesHint.z
      value: 0
      objectReference: {fileID: 0}
    - target: {fileID: 868363230557726240, guid: 08cb864b45307174d8ba72d8bc4296ec,
        type: 3}
      propertyPath: canSetUnit
      value: 1
      objectReference: {fileID: 0}
    - target: {fileID: 2465675636899966598, guid: 08cb864b45307174d8ba72d8bc4296ec,
        type: 3}
      propertyPath: m_Enabled
      value: 1
      objectReference: {fileID: 0}
    m_RemovedComponents: []
  m_SourcePrefab: {fileID: 100100000, guid: 08cb864b45307174d8ba72d8bc4296ec, type: 3}
--- !u!4 &5190158125832301493 stripped
Transform:
  m_CorrespondingSourceObject: {fileID: 2788689375642077275, guid: 08cb864b45307174d8ba72d8bc4296ec,
    type: 3}
  m_PrefabInstance: {fileID: 7977088145161855982}
  m_PrefabAsset: {fileID: 0}
--- !u!1001 &8267171927741849096
PrefabInstance:
  m_ObjectHideFlags: 0
  serializedVersion: 2
  m_Modification:
    m_TransformParent: {fileID: 3939077443825328278}
    m_Modifications:
    - target: {fileID: 2788689375641916539, guid: 08cb864b45307174d8ba72d8bc4296ec,
        type: 3}
      propertyPath: m_Name
      value: wall-2 (104)
      objectReference: {fileID: 0}
    - target: {fileID: 2788689375642077275, guid: 08cb864b45307174d8ba72d8bc4296ec,
        type: 3}
      propertyPath: m_LocalPosition.x
      value: 15.021
      objectReference: {fileID: 0}
    - target: {fileID: 2788689375642077275, guid: 08cb864b45307174d8ba72d8bc4296ec,
        type: 3}
      propertyPath: m_LocalPosition.y
      value: 19.88375
      objectReference: {fileID: 0}
    - target: {fileID: 2788689375642077275, guid: 08cb864b45307174d8ba72d8bc4296ec,
        type: 3}
      propertyPath: m_LocalPosition.z
      value: 0.99707
      objectReference: {fileID: 0}
    - target: {fileID: 2788689375642077275, guid: 08cb864b45307174d8ba72d8bc4296ec,
        type: 3}
      propertyPath: m_LocalRotation.x
      value: -0
      objectReference: {fileID: 0}
    - target: {fileID: 2788689375642077275, guid: 08cb864b45307174d8ba72d8bc4296ec,
        type: 3}
      propertyPath: m_LocalRotation.y
      value: -0
      objectReference: {fileID: 0}
    - target: {fileID: 2788689375642077275, guid: 08cb864b45307174d8ba72d8bc4296ec,
        type: 3}
      propertyPath: m_LocalRotation.z
      value: -0
      objectReference: {fileID: 0}
    - target: {fileID: 2788689375642077275, guid: 08cb864b45307174d8ba72d8bc4296ec,
        type: 3}
      propertyPath: m_LocalRotation.w
      value: 1
      objectReference: {fileID: 0}
    - target: {fileID: 2788689375642077275, guid: 08cb864b45307174d8ba72d8bc4296ec,
        type: 3}
      propertyPath: m_RootOrder
      value: 19
      objectReference: {fileID: 0}
    - target: {fileID: 2788689375642077275, guid: 08cb864b45307174d8ba72d8bc4296ec,
        type: 3}
      propertyPath: m_LocalEulerAnglesHint.x
      value: 0
      objectReference: {fileID: 0}
    - target: {fileID: 2788689375642077275, guid: 08cb864b45307174d8ba72d8bc4296ec,
        type: 3}
      propertyPath: m_LocalEulerAnglesHint.y
      value: 0
      objectReference: {fileID: 0}
    - target: {fileID: 2788689375642077275, guid: 08cb864b45307174d8ba72d8bc4296ec,
        type: 3}
      propertyPath: m_LocalEulerAnglesHint.z
      value: 0
      objectReference: {fileID: 0}
    - target: {fileID: 868363230557726240, guid: 08cb864b45307174d8ba72d8bc4296ec,
        type: 3}
      propertyPath: canSetUnit
      value: 1
      objectReference: {fileID: 0}
    m_RemovedComponents: []
  m_SourcePrefab: {fileID: 100100000, guid: 08cb864b45307174d8ba72d8bc4296ec, type: 3}
--- !u!4 &6055528573424309843 stripped
Transform:
  m_CorrespondingSourceObject: {fileID: 2788689375642077275, guid: 08cb864b45307174d8ba72d8bc4296ec,
    type: 3}
  m_PrefabInstance: {fileID: 8267171927741849096}
  m_PrefabAsset: {fileID: 0}
