%YAML 1.1
%TAG !u! tag:unity3d.com,2011:
--- !u!1 &3099318089276158478
GameObject:
  m_ObjectHideFlags: 0
  m_CorrespondingSourceObject: {fileID: 0}
  m_PrefabInstance: {fileID: 0}
  m_PrefabAsset: {fileID: 0}
  serializedVersion: 6
  m_Component:
  - component: {fileID: 2205414348130229024}
  m_Layer: 0
  m_Name: Walls
  m_TagString: Untagged
  m_Icon: {fileID: 0}
  m_NavMeshLayer: 0
  m_StaticEditorFlags: 0
  m_IsActive: 1
--- !u!4 &2205414348130229024
Transform:
  m_ObjectHideFlags: 0
  m_CorrespondingSourceObject: {fileID: 0}
  m_PrefabInstance: {fileID: 0}
  m_PrefabAsset: {fileID: 0}
  m_GameObject: {fileID: 3099318089276158478}
  m_LocalRotation: {x: 0, y: 0, z: 0, w: 1}
  m_LocalPosition: {x: 0, y: 0, z: 0}
  m_LocalScale: {x: 1, y: 1, z: 1}
  m_Children:
  - {fileID: 5857698777499018792}
  - {fileID: 8203863144434442119}
  - {fileID: 8238611545812055409}
  - {fileID: 8238611546161128617}
  - {fileID: 8238611547800534313}
  - {fileID: 8238611546764044810}
  - {fileID: 4920764038407578992}
  - {fileID: 3727601134461494557}
  - {fileID: 8238611545731809991}
  - {fileID: 8238611547155859724}
  - {fileID: 8238611547825559341}
  - {fileID: 3727601134248472953}
  - {fileID: 3727601134082987071}
  - {fileID: 8238611547269613275}
  - {fileID: 8238611546630801129}
  - {fileID: 528830537016860881}
  - {fileID: 2353751503015686515}
  - {fileID: 3898159213210398833}
  - {fileID: 2980689732230755288}
  - {fileID: 7496851171908934094}
  - {fileID: 846122946003859367}
  - {fileID: 7803935939839852832}
  - {fileID: 7419862944821301907}
  - {fileID: 3793126606647243285}
  - {fileID: 5532478596116014543}
  - {fileID: 4640246896372053120}
  - {fileID: 3242970604454329171}
  - {fileID: 2116019985643153872}
  m_Father: {fileID: 0}
  m_RootOrder: 0
  m_LocalEulerAnglesHint: {x: 0, y: 0, z: 0}
--- !u!1001 &31660375588049288
PrefabInstance:
  m_ObjectHideFlags: 0
  serializedVersion: 2
  m_Modification:
    m_TransformParent: {fileID: 2205414348130229024}
    m_Modifications:
    - target: {fileID: 2960867715132826864, guid: 39ae2b4a4072e4a449de5ec2dc46e92e,
        type: 3}
      propertyPath: m_Name
      value: wall (9)
      objectReference: {fileID: 0}
    - target: {fileID: 3806560369383252893, guid: 39ae2b4a4072e4a449de5ec2dc46e92e,
        type: 3}
      propertyPath: m_LocalPosition.x
      value: -92.506
      objectReference: {fileID: 0}
    - target: {fileID: 3806560369383252893, guid: 39ae2b4a4072e4a449de5ec2dc46e92e,
        type: 3}
      propertyPath: m_LocalPosition.y
      value: -15.874
      objectReference: {fileID: 0}
    - target: {fileID: 3806560369383252893, guid: 39ae2b4a4072e4a449de5ec2dc46e92e,
        type: 3}
      propertyPath: m_LocalPosition.z
      value: -27.031
      objectReference: {fileID: 0}
    - target: {fileID: 3806560369383252893, guid: 39ae2b4a4072e4a449de5ec2dc46e92e,
        type: 3}
      propertyPath: m_LocalRotation.x
      value: 0
      objectReference: {fileID: 0}
    - target: {fileID: 3806560369383252893, guid: 39ae2b4a4072e4a449de5ec2dc46e92e,
        type: 3}
      propertyPath: m_LocalRotation.y
      value: 0.7071068
      objectReference: {fileID: 0}
    - target: {fileID: 3806560369383252893, guid: 39ae2b4a4072e4a449de5ec2dc46e92e,
        type: 3}
      propertyPath: m_LocalRotation.z
      value: -0
      objectReference: {fileID: 0}
    - target: {fileID: 3806560369383252893, guid: 39ae2b4a4072e4a449de5ec2dc46e92e,
        type: 3}
      propertyPath: m_LocalRotation.w
      value: -0.7071068
      objectReference: {fileID: 0}
    - target: {fileID: 3806560369383252893, guid: 39ae2b4a4072e4a449de5ec2dc46e92e,
        type: 3}
      propertyPath: m_RootOrder
      value: 23
      objectReference: {fileID: 0}
    - target: {fileID: 3806560369383252893, guid: 39ae2b4a4072e4a449de5ec2dc46e92e,
        type: 3}
      propertyPath: m_LocalEulerAnglesHint.x
      value: 0
      objectReference: {fileID: 0}
    - target: {fileID: 3806560369383252893, guid: 39ae2b4a4072e4a449de5ec2dc46e92e,
        type: 3}
      propertyPath: m_LocalEulerAnglesHint.y
      value: 270
      objectReference: {fileID: 0}
    - target: {fileID: 3806560369383252893, guid: 39ae2b4a4072e4a449de5ec2dc46e92e,
        type: 3}
      propertyPath: m_LocalEulerAnglesHint.z
      value: 0
      objectReference: {fileID: 0}
    m_RemovedComponents: []
  m_SourcePrefab: {fileID: 100100000, guid: 39ae2b4a4072e4a449de5ec2dc46e92e, type: 3}
--- !u!4 &3793126606647243285 stripped
Transform:
  m_CorrespondingSourceObject: {fileID: 3806560369383252893, guid: 39ae2b4a4072e4a449de5ec2dc46e92e,
    type: 3}
  m_PrefabInstance: {fileID: 31660375588049288}
  m_PrefabAsset: {fileID: 0}
--- !u!1001 &201137348299805676
PrefabInstance:
  m_ObjectHideFlags: 0
  serializedVersion: 2
  m_Modification:
    m_TransformParent: {fileID: 2205414348130229024}
    m_Modifications:
    - target: {fileID: 2960867715132826864, guid: 39ae2b4a4072e4a449de5ec2dc46e92e,
        type: 3}
      propertyPath: m_Name
      value: wall (3)
      objectReference: {fileID: 0}
    - target: {fileID: 3806560369383252893, guid: 39ae2b4a4072e4a449de5ec2dc46e92e,
        type: 3}
      propertyPath: m_LocalPosition.x
      value: -97.5
      objectReference: {fileID: 0}
    - target: {fileID: 3806560369383252893, guid: 39ae2b4a4072e4a449de5ec2dc46e92e,
        type: 3}
      propertyPath: m_LocalPosition.y
      value: -15.874
      objectReference: {fileID: 0}
    - target: {fileID: 3806560369383252893, guid: 39ae2b4a4072e4a449de5ec2dc46e92e,
        type: 3}
      propertyPath: m_LocalPosition.z
      value: 26.011
      objectReference: {fileID: 0}
    - target: {fileID: 3806560369383252893, guid: 39ae2b4a4072e4a449de5ec2dc46e92e,
        type: 3}
      propertyPath: m_LocalRotation.x
      value: -0
      objectReference: {fileID: 0}
    - target: {fileID: 3806560369383252893, guid: 39ae2b4a4072e4a449de5ec2dc46e92e,
        type: 3}
      propertyPath: m_LocalRotation.y
      value: 0.7071068
      objectReference: {fileID: 0}
    - target: {fileID: 3806560369383252893, guid: 39ae2b4a4072e4a449de5ec2dc46e92e,
        type: 3}
      propertyPath: m_LocalRotation.z
      value: -0
      objectReference: {fileID: 0}
    - target: {fileID: 3806560369383252893, guid: 39ae2b4a4072e4a449de5ec2dc46e92e,
        type: 3}
      propertyPath: m_LocalRotation.w
      value: 0.7071068
      objectReference: {fileID: 0}
    - target: {fileID: 3806560369383252893, guid: 39ae2b4a4072e4a449de5ec2dc46e92e,
        type: 3}
      propertyPath: m_RootOrder
      value: 17
      objectReference: {fileID: 0}
    - target: {fileID: 3806560369383252893, guid: 39ae2b4a4072e4a449de5ec2dc46e92e,
        type: 3}
      propertyPath: m_LocalEulerAnglesHint.x
      value: 0
      objectReference: {fileID: 0}
    - target: {fileID: 3806560369383252893, guid: 39ae2b4a4072e4a449de5ec2dc46e92e,
        type: 3}
      propertyPath: m_LocalEulerAnglesHint.y
      value: 90
      objectReference: {fileID: 0}
    - target: {fileID: 3806560369383252893, guid: 39ae2b4a4072e4a449de5ec2dc46e92e,
        type: 3}
      propertyPath: m_LocalEulerAnglesHint.z
      value: 0
      objectReference: {fileID: 0}
    m_RemovedComponents: []
  m_SourcePrefab: {fileID: 100100000, guid: 39ae2b4a4072e4a449de5ec2dc46e92e, type: 3}
--- !u!4 &3898159213210398833 stripped
Transform:
  m_CorrespondingSourceObject: {fileID: 3806560369383252893, guid: 39ae2b4a4072e4a449de5ec2dc46e92e,
    type: 3}
  m_PrefabInstance: {fileID: 201137348299805676}
  m_PrefabAsset: {fileID: 0}
--- !u!1001 &1475398341979378414
PrefabInstance:
  m_ObjectHideFlags: 0
  serializedVersion: 2
  m_Modification:
    m_TransformParent: {fileID: 2205414348130229024}
    m_Modifications:
    - target: {fileID: 2960867715132826864, guid: 39ae2b4a4072e4a449de5ec2dc46e92e,
        type: 3}
      propertyPath: m_Name
      value: wall (2)
      objectReference: {fileID: 0}
    - target: {fileID: 3806560369383252893, guid: 39ae2b4a4072e4a449de5ec2dc46e92e,
        type: 3}
      propertyPath: m_LocalPosition.x
      value: -101.5
      objectReference: {fileID: 0}
    - target: {fileID: 3806560369383252893, guid: 39ae2b4a4072e4a449de5ec2dc46e92e,
        type: 3}
      propertyPath: m_LocalPosition.y
      value: -15.874
      objectReference: {fileID: 0}
    - target: {fileID: 3806560369383252893, guid: 39ae2b4a4072e4a449de5ec2dc46e92e,
        type: 3}
      propertyPath: m_LocalPosition.z
      value: 26.011
      objectReference: {fileID: 0}
    - target: {fileID: 3806560369383252893, guid: 39ae2b4a4072e4a449de5ec2dc46e92e,
        type: 3}
      propertyPath: m_LocalRotation.x
      value: -0
      objectReference: {fileID: 0}
    - target: {fileID: 3806560369383252893, guid: 39ae2b4a4072e4a449de5ec2dc46e92e,
        type: 3}
      propertyPath: m_LocalRotation.y
      value: 0.7071068
      objectReference: {fileID: 0}
    - target: {fileID: 3806560369383252893, guid: 39ae2b4a4072e4a449de5ec2dc46e92e,
        type: 3}
      propertyPath: m_LocalRotation.z
      value: -0
      objectReference: {fileID: 0}
    - target: {fileID: 3806560369383252893, guid: 39ae2b4a4072e4a449de5ec2dc46e92e,
        type: 3}
      propertyPath: m_LocalRotation.w
      value: 0.7071068
      objectReference: {fileID: 0}
    - target: {fileID: 3806560369383252893, guid: 39ae2b4a4072e4a449de5ec2dc46e92e,
        type: 3}
      propertyPath: m_RootOrder
      value: 16
      objectReference: {fileID: 0}
    - target: {fileID: 3806560369383252893, guid: 39ae2b4a4072e4a449de5ec2dc46e92e,
        type: 3}
      propertyPath: m_LocalEulerAnglesHint.x
      value: 0
      objectReference: {fileID: 0}
    - target: {fileID: 3806560369383252893, guid: 39ae2b4a4072e4a449de5ec2dc46e92e,
        type: 3}
      propertyPath: m_LocalEulerAnglesHint.y
      value: 90
      objectReference: {fileID: 0}
    - target: {fileID: 3806560369383252893, guid: 39ae2b4a4072e4a449de5ec2dc46e92e,
        type: 3}
      propertyPath: m_LocalEulerAnglesHint.z
      value: 0
      objectReference: {fileID: 0}
    m_RemovedComponents: []
  m_SourcePrefab: {fileID: 100100000, guid: 39ae2b4a4072e4a449de5ec2dc46e92e, type: 3}
--- !u!4 &2353751503015686515 stripped
Transform:
  m_CorrespondingSourceObject: {fileID: 3806560369383252893, guid: 39ae2b4a4072e4a449de5ec2dc46e92e,
    type: 3}
  m_PrefabInstance: {fileID: 1475398341979378414}
  m_PrefabAsset: {fileID: 0}
--- !u!1001 &1993742809177185221
PrefabInstance:
  m_ObjectHideFlags: 0
  serializedVersion: 2
  m_Modification:
    m_TransformParent: {fileID: 2205414348130229024}
    m_Modifications:
    - target: {fileID: 3129695061830756347, guid: af443282878367f4d9b3dee29af05e9e,
        type: 3}
      propertyPath: m_Name
      value: tower (16)
      objectReference: {fileID: 0}
    - target: {fileID: 3939077443825328278, guid: af443282878367f4d9b3dee29af05e9e,
        type: 3}
      propertyPath: m_LocalPosition.x
      value: -74.482
      objectReference: {fileID: 0}
    - target: {fileID: 3939077443825328278, guid: af443282878367f4d9b3dee29af05e9e,
        type: 3}
      propertyPath: m_LocalPosition.y
      value: -9.874
      objectReference: {fileID: 0}
    - target: {fileID: 3939077443825328278, guid: af443282878367f4d9b3dee29af05e9e,
        type: 3}
      propertyPath: m_LocalPosition.z
      value: 11.987
      objectReference: {fileID: 0}
    - target: {fileID: 3939077443825328278, guid: af443282878367f4d9b3dee29af05e9e,
        type: 3}
      propertyPath: m_LocalRotation.x
      value: 0
      objectReference: {fileID: 0}
    - target: {fileID: 3939077443825328278, guid: af443282878367f4d9b3dee29af05e9e,
        type: 3}
      propertyPath: m_LocalRotation.y
      value: 1
      objectReference: {fileID: 0}
    - target: {fileID: 3939077443825328278, guid: af443282878367f4d9b3dee29af05e9e,
        type: 3}
      propertyPath: m_LocalRotation.z
      value: 0
      objectReference: {fileID: 0}
    - target: {fileID: 3939077443825328278, guid: af443282878367f4d9b3dee29af05e9e,
        type: 3}
      propertyPath: m_LocalRotation.w
      value: 0
      objectReference: {fileID: 0}
    - target: {fileID: 3939077443825328278, guid: af443282878367f4d9b3dee29af05e9e,
        type: 3}
      propertyPath: m_RootOrder
      value: 26
      objectReference: {fileID: 0}
    - target: {fileID: 3939077443825328278, guid: af443282878367f4d9b3dee29af05e9e,
        type: 3}
      propertyPath: m_LocalEulerAnglesHint.x
      value: 0
      objectReference: {fileID: 0}
    - target: {fileID: 3939077443825328278, guid: af443282878367f4d9b3dee29af05e9e,
        type: 3}
      propertyPath: m_LocalEulerAnglesHint.y
      value: 180
      objectReference: {fileID: 0}
    - target: {fileID: 3939077443825328278, guid: af443282878367f4d9b3dee29af05e9e,
        type: 3}
      propertyPath: m_LocalEulerAnglesHint.z
      value: 0
      objectReference: {fileID: 0}
    m_RemovedComponents: []
  m_SourcePrefab: {fileID: 100100000, guid: af443282878367f4d9b3dee29af05e9e, type: 3}
--- !u!4 &3242970604454329171 stripped
Transform:
  m_CorrespondingSourceObject: {fileID: 3939077443825328278, guid: af443282878367f4d9b3dee29af05e9e,
    type: 3}
  m_PrefabInstance: {fileID: 1993742809177185221}
  m_PrefabAsset: {fileID: 0}
--- !u!1001 &2129666027887235141
PrefabInstance:
  m_ObjectHideFlags: 0
  serializedVersion: 2
  m_Modification:
    m_TransformParent: {fileID: 2205414348130229024}
    m_Modifications:
    - target: {fileID: 2960867715132826864, guid: 39ae2b4a4072e4a449de5ec2dc46e92e,
        type: 3}
      propertyPath: m_Name
      value: wall (4)
      objectReference: {fileID: 0}
    - target: {fileID: 3806560369383252893, guid: 39ae2b4a4072e4a449de5ec2dc46e92e,
        type: 3}
      propertyPath: m_LocalPosition.x
      value: -93.5
      objectReference: {fileID: 0}
    - target: {fileID: 3806560369383252893, guid: 39ae2b4a4072e4a449de5ec2dc46e92e,
        type: 3}
      propertyPath: m_LocalPosition.y
      value: -15.874
      objectReference: {fileID: 0}
    - target: {fileID: 3806560369383252893, guid: 39ae2b4a4072e4a449de5ec2dc46e92e,
        type: 3}
      propertyPath: m_LocalPosition.z
      value: 26.011
      objectReference: {fileID: 0}
    - target: {fileID: 3806560369383252893, guid: 39ae2b4a4072e4a449de5ec2dc46e92e,
        type: 3}
      propertyPath: m_LocalRotation.x
      value: -0
      objectReference: {fileID: 0}
    - target: {fileID: 3806560369383252893, guid: 39ae2b4a4072e4a449de5ec2dc46e92e,
        type: 3}
      propertyPath: m_LocalRotation.y
      value: 0.7071068
      objectReference: {fileID: 0}
    - target: {fileID: 3806560369383252893, guid: 39ae2b4a4072e4a449de5ec2dc46e92e,
        type: 3}
      propertyPath: m_LocalRotation.z
      value: -0
      objectReference: {fileID: 0}
    - target: {fileID: 3806560369383252893, guid: 39ae2b4a4072e4a449de5ec2dc46e92e,
        type: 3}
      propertyPath: m_LocalRotation.w
      value: 0.7071068
      objectReference: {fileID: 0}
    - target: {fileID: 3806560369383252893, guid: 39ae2b4a4072e4a449de5ec2dc46e92e,
        type: 3}
      propertyPath: m_RootOrder
      value: 18
      objectReference: {fileID: 0}
    - target: {fileID: 3806560369383252893, guid: 39ae2b4a4072e4a449de5ec2dc46e92e,
        type: 3}
      propertyPath: m_LocalEulerAnglesHint.x
      value: 0
      objectReference: {fileID: 0}
    - target: {fileID: 3806560369383252893, guid: 39ae2b4a4072e4a449de5ec2dc46e92e,
        type: 3}
      propertyPath: m_LocalEulerAnglesHint.y
      value: 90
      objectReference: {fileID: 0}
    - target: {fileID: 3806560369383252893, guid: 39ae2b4a4072e4a449de5ec2dc46e92e,
        type: 3}
      propertyPath: m_LocalEulerAnglesHint.z
      value: 0
      objectReference: {fileID: 0}
    m_RemovedComponents: []
  m_SourcePrefab: {fileID: 100100000, guid: 39ae2b4a4072e4a449de5ec2dc46e92e, type: 3}
--- !u!4 &2980689732230755288 stripped
Transform:
  m_CorrespondingSourceObject: {fileID: 3806560369383252893, guid: 39ae2b4a4072e4a449de5ec2dc46e92e,
    type: 3}
  m_PrefabInstance: {fileID: 2129666027887235141}
  m_PrefabAsset: {fileID: 0}
--- !u!1001 &3168272337427843398
PrefabInstance:
  m_ObjectHideFlags: 0
  serializedVersion: 2
  m_Modification:
    m_TransformParent: {fileID: 2205414348130229024}
    m_Modifications:
    - target: {fileID: 3129695061830756347, guid: af443282878367f4d9b3dee29af05e9e,
        type: 3}
      propertyPath: m_Name
      value: tower (17)
      objectReference: {fileID: 0}
    - target: {fileID: 3939077443825328278, guid: af443282878367f4d9b3dee29af05e9e,
        type: 3}
      propertyPath: m_LocalPosition.x
      value: -88.506
      objectReference: {fileID: 0}
    - target: {fileID: 3939077443825328278, guid: af443282878367f4d9b3dee29af05e9e,
        type: 3}
      propertyPath: m_LocalPosition.y
      value: -9.874
      objectReference: {fileID: 0}
    - target: {fileID: 3939077443825328278, guid: af443282878367f4d9b3dee29af05e9e,
        type: 3}
      propertyPath: m_LocalPosition.z
      value: -27.031
      objectReference: {fileID: 0}
    - target: {fileID: 3939077443825328278, guid: af443282878367f4d9b3dee29af05e9e,
        type: 3}
      propertyPath: m_LocalRotation.x
      value: 0
      objectReference: {fileID: 0}
    - target: {fileID: 3939077443825328278, guid: af443282878367f4d9b3dee29af05e9e,
        type: 3}
      propertyPath: m_LocalRotation.y
      value: 0.7071068
      objectReference: {fileID: 0}
    - target: {fileID: 3939077443825328278, guid: af443282878367f4d9b3dee29af05e9e,
        type: 3}
      propertyPath: m_LocalRotation.z
      value: -0
      objectReference: {fileID: 0}
    - target: {fileID: 3939077443825328278, guid: af443282878367f4d9b3dee29af05e9e,
        type: 3}
      propertyPath: m_LocalRotation.w
      value: -0.7071068
      objectReference: {fileID: 0}
    - target: {fileID: 3939077443825328278, guid: af443282878367f4d9b3dee29af05e9e,
        type: 3}
      propertyPath: m_RootOrder
      value: 27
      objectReference: {fileID: 0}
    - target: {fileID: 3939077443825328278, guid: af443282878367f4d9b3dee29af05e9e,
        type: 3}
      propertyPath: m_LocalEulerAnglesHint.x
      value: 0
      objectReference: {fileID: 0}
    - target: {fileID: 3939077443825328278, guid: af443282878367f4d9b3dee29af05e9e,
        type: 3}
      propertyPath: m_LocalEulerAnglesHint.y
      value: 270
      objectReference: {fileID: 0}
    - target: {fileID: 3939077443825328278, guid: af443282878367f4d9b3dee29af05e9e,
        type: 3}
      propertyPath: m_LocalEulerAnglesHint.z
      value: 0
      objectReference: {fileID: 0}
    m_RemovedComponents: []
  m_SourcePrefab: {fileID: 100100000, guid: af443282878367f4d9b3dee29af05e9e, type: 3}
--- !u!4 &2116019985643153872 stripped
Transform:
  m_CorrespondingSourceObject: {fileID: 3939077443825328278, guid: af443282878367f4d9b3dee29af05e9e,
    type: 3}
  m_PrefabInstance: {fileID: 3168272337427843398}
  m_PrefabAsset: {fileID: 0}
--- !u!1001 &3564592889194371886
PrefabInstance:
  m_ObjectHideFlags: 0
  serializedVersion: 2
  m_Modification:
    m_TransformParent: {fileID: 2205414348130229024}
    m_Modifications:
    - target: {fileID: 7564193088959002931, guid: 7f655afbbb67a1c46a16cdba1d6ca36d,
        type: 3}
      propertyPath: m_Name
      value: tower (5)
      objectReference: {fileID: 0}
    - target: {fileID: 8448166356953382494, guid: 7f655afbbb67a1c46a16cdba1d6ca36d,
        type: 3}
      propertyPath: m_LocalPosition.x
      value: -127.52
      objectReference: {fileID: 0}
    - target: {fileID: 8448166356953382494, guid: 7f655afbbb67a1c46a16cdba1d6ca36d,
        type: 3}
      propertyPath: m_LocalPosition.y
      value: -15.874
      objectReference: {fileID: 0}
    - target: {fileID: 8448166356953382494, guid: 7f655afbbb67a1c46a16cdba1d6ca36d,
        type: 3}
      propertyPath: m_LocalPosition.z
      value: -13.007
      objectReference: {fileID: 0}
    - target: {fileID: 8448166356953382494, guid: 7f655afbbb67a1c46a16cdba1d6ca36d,
        type: 3}
      propertyPath: m_LocalRotation.x
      value: -0
      objectReference: {fileID: 0}
    - target: {fileID: 8448166356953382494, guid: 7f655afbbb67a1c46a16cdba1d6ca36d,
        type: 3}
      propertyPath: m_LocalRotation.y
      value: -0
      objectReference: {fileID: 0}
    - target: {fileID: 8448166356953382494, guid: 7f655afbbb67a1c46a16cdba1d6ca36d,
        type: 3}
      propertyPath: m_LocalRotation.z
      value: -0
      objectReference: {fileID: 0}
    - target: {fileID: 8448166356953382494, guid: 7f655afbbb67a1c46a16cdba1d6ca36d,
        type: 3}
      propertyPath: m_LocalRotation.w
      value: 1
      objectReference: {fileID: 0}
    - target: {fileID: 8448166356953382494, guid: 7f655afbbb67a1c46a16cdba1d6ca36d,
        type: 3}
      propertyPath: m_RootOrder
      value: 6
      objectReference: {fileID: 0}
    - target: {fileID: 8448166356953382494, guid: 7f655afbbb67a1c46a16cdba1d6ca36d,
        type: 3}
      propertyPath: m_LocalEulerAnglesHint.x
      value: 0
      objectReference: {fileID: 0}
    - target: {fileID: 8448166356953382494, guid: 7f655afbbb67a1c46a16cdba1d6ca36d,
        type: 3}
      propertyPath: m_LocalEulerAnglesHint.y
      value: 0
      objectReference: {fileID: 0}
    - target: {fileID: 8448166356953382494, guid: 7f655afbbb67a1c46a16cdba1d6ca36d,
        type: 3}
      propertyPath: m_LocalEulerAnglesHint.z
      value: 0
      objectReference: {fileID: 0}
    m_RemovedComponents: []
  m_SourcePrefab: {fileID: 100100000, guid: 7f655afbbb67a1c46a16cdba1d6ca36d, type: 3}
--- !u!4 &4920764038407578992 stripped
Transform:
  m_CorrespondingSourceObject: {fileID: 8448166356953382494, guid: 7f655afbbb67a1c46a16cdba1d6ca36d,
    type: 3}
  m_PrefabInstance: {fileID: 3564592889194371886}
  m_PrefabAsset: {fileID: 0}
--- !u!1001 &3712469051133379404
PrefabInstance:
  m_ObjectHideFlags: 0
  serializedVersion: 2
  m_Modification:
    m_TransformParent: {fileID: 2205414348130229024}
    m_Modifications:
    - target: {fileID: 2960867715132826864, guid: 39ae2b4a4072e4a449de5ec2dc46e92e,
        type: 3}
      propertyPath: m_Name
      value: wall (1)
      objectReference: {fileID: 0}
    - target: {fileID: 3806560369383252893, guid: 39ae2b4a4072e4a449de5ec2dc46e92e,
        type: 3}
      propertyPath: m_LocalPosition.x
      value: -105.5
      objectReference: {fileID: 0}
    - target: {fileID: 3806560369383252893, guid: 39ae2b4a4072e4a449de5ec2dc46e92e,
        type: 3}
      propertyPath: m_LocalPosition.y
      value: -15.874
      objectReference: {fileID: 0}
    - target: {fileID: 3806560369383252893, guid: 39ae2b4a4072e4a449de5ec2dc46e92e,
        type: 3}
      propertyPath: m_LocalPosition.z
      value: 26.011
      objectReference: {fileID: 0}
    - target: {fileID: 3806560369383252893, guid: 39ae2b4a4072e4a449de5ec2dc46e92e,
        type: 3}
      propertyPath: m_LocalRotation.x
      value: -0
      objectReference: {fileID: 0}
    - target: {fileID: 3806560369383252893, guid: 39ae2b4a4072e4a449de5ec2dc46e92e,
        type: 3}
      propertyPath: m_LocalRotation.y
      value: 0.7071068
      objectReference: {fileID: 0}
    - target: {fileID: 3806560369383252893, guid: 39ae2b4a4072e4a449de5ec2dc46e92e,
        type: 3}
      propertyPath: m_LocalRotation.z
      value: -0
      objectReference: {fileID: 0}
    - target: {fileID: 3806560369383252893, guid: 39ae2b4a4072e4a449de5ec2dc46e92e,
        type: 3}
      propertyPath: m_LocalRotation.w
      value: 0.7071068
      objectReference: {fileID: 0}
    - target: {fileID: 3806560369383252893, guid: 39ae2b4a4072e4a449de5ec2dc46e92e,
        type: 3}
      propertyPath: m_RootOrder
      value: 15
      objectReference: {fileID: 0}
    - target: {fileID: 3806560369383252893, guid: 39ae2b4a4072e4a449de5ec2dc46e92e,
        type: 3}
      propertyPath: m_LocalEulerAnglesHint.x
      value: 0
      objectReference: {fileID: 0}
    - target: {fileID: 3806560369383252893, guid: 39ae2b4a4072e4a449de5ec2dc46e92e,
        type: 3}
      propertyPath: m_LocalEulerAnglesHint.y
      value: 90
      objectReference: {fileID: 0}
    - target: {fileID: 3806560369383252893, guid: 39ae2b4a4072e4a449de5ec2dc46e92e,
        type: 3}
      propertyPath: m_LocalEulerAnglesHint.z
      value: 0
      objectReference: {fileID: 0}
    m_RemovedComponents: []
  m_SourcePrefab: {fileID: 100100000, guid: 39ae2b4a4072e4a449de5ec2dc46e92e, type: 3}
--- !u!4 &528830537016860881 stripped
Transform:
  m_CorrespondingSourceObject: {fileID: 3806560369383252893, guid: 39ae2b4a4072e4a449de5ec2dc46e92e,
    type: 3}
  m_PrefabInstance: {fileID: 3712469051133379404}
  m_PrefabAsset: {fileID: 0}
--- !u!1001 &4570474307372110906
PrefabInstance:
  m_ObjectHideFlags: 0
  serializedVersion: 2
  m_Modification:
    m_TransformParent: {fileID: 2205414348130229024}
    m_Modifications:
    - target: {fileID: 2960867715132826864, guid: 39ae2b4a4072e4a449de5ec2dc46e92e,
        type: 3}
      propertyPath: m_Name
      value: wall (6)
      objectReference: {fileID: 0}
    - target: {fileID: 3806560369383252893, guid: 39ae2b4a4072e4a449de5ec2dc46e92e,
        type: 3}
      propertyPath: m_LocalPosition.x
      value: -104.506
      objectReference: {fileID: 0}
    - target: {fileID: 3806560369383252893, guid: 39ae2b4a4072e4a449de5ec2dc46e92e,
        type: 3}
      propertyPath: m_LocalPosition.y
      value: -15.874
      objectReference: {fileID: 0}
    - target: {fileID: 3806560369383252893, guid: 39ae2b4a4072e4a449de5ec2dc46e92e,
        type: 3}
      propertyPath: m_LocalPosition.z
      value: -27.031
      objectReference: {fileID: 0}
    - target: {fileID: 3806560369383252893, guid: 39ae2b4a4072e4a449de5ec2dc46e92e,
        type: 3}
      propertyPath: m_LocalRotation.x
      value: 0
      objectReference: {fileID: 0}
    - target: {fileID: 3806560369383252893, guid: 39ae2b4a4072e4a449de5ec2dc46e92e,
        type: 3}
      propertyPath: m_LocalRotation.y
      value: 0.7071068
      objectReference: {fileID: 0}
    - target: {fileID: 3806560369383252893, guid: 39ae2b4a4072e4a449de5ec2dc46e92e,
        type: 3}
      propertyPath: m_LocalRotation.z
      value: -0
      objectReference: {fileID: 0}
    - target: {fileID: 3806560369383252893, guid: 39ae2b4a4072e4a449de5ec2dc46e92e,
        type: 3}
      propertyPath: m_LocalRotation.w
      value: -0.7071068
      objectReference: {fileID: 0}
    - target: {fileID: 3806560369383252893, guid: 39ae2b4a4072e4a449de5ec2dc46e92e,
        type: 3}
      propertyPath: m_RootOrder
      value: 20
      objectReference: {fileID: 0}
    - target: {fileID: 3806560369383252893, guid: 39ae2b4a4072e4a449de5ec2dc46e92e,
        type: 3}
      propertyPath: m_LocalEulerAnglesHint.x
      value: 0
      objectReference: {fileID: 0}
    - target: {fileID: 3806560369383252893, guid: 39ae2b4a4072e4a449de5ec2dc46e92e,
        type: 3}
      propertyPath: m_LocalEulerAnglesHint.y
      value: 270
      objectReference: {fileID: 0}
    - target: {fileID: 3806560369383252893, guid: 39ae2b4a4072e4a449de5ec2dc46e92e,
        type: 3}
      propertyPath: m_LocalEulerAnglesHint.z
      value: 0
      objectReference: {fileID: 0}
    m_RemovedComponents: []
  m_SourcePrefab: {fileID: 100100000, guid: 39ae2b4a4072e4a449de5ec2dc46e92e, type: 3}
--- !u!4 &846122946003859367 stripped
Transform:
  m_CorrespondingSourceObject: {fileID: 3806560369383252893, guid: 39ae2b4a4072e4a449de5ec2dc46e92e,
    type: 3}
  m_PrefabInstance: {fileID: 4570474307372110906}
  m_PrefabAsset: {fileID: 0}
--- !u!1001 &4974899156436139034
PrefabInstance:
  m_ObjectHideFlags: 0
  serializedVersion: 2
  m_Modification:
    m_TransformParent: {fileID: 2205414348130229024}
    m_Modifications:
    - target: {fileID: 2960867715132826864, guid: 39ae2b4a4072e4a449de5ec2dc46e92e,
        type: 3}
      propertyPath: m_Name
      value: tower
      objectReference: {fileID: 0}
    - target: {fileID: 3806560369383252893, guid: 39ae2b4a4072e4a449de5ec2dc46e92e,
        type: 3}
      propertyPath: m_LocalPosition.x
      value: -127.52
      objectReference: {fileID: 0}
    - target: {fileID: 3806560369383252893, guid: 39ae2b4a4072e4a449de5ec2dc46e92e,
        type: 3}
      propertyPath: m_LocalPosition.y
      value: -15.874
      objectReference: {fileID: 0}
    - target: {fileID: 3806560369383252893, guid: 39ae2b4a4072e4a449de5ec2dc46e92e,
        type: 3}
      propertyPath: m_LocalPosition.z
      value: -1.0069997
      objectReference: {fileID: 0}
    - target: {fileID: 3806560369383252893, guid: 39ae2b4a4072e4a449de5ec2dc46e92e,
        type: 3}
      propertyPath: m_LocalRotation.x
      value: -0
      objectReference: {fileID: 0}
    - target: {fileID: 3806560369383252893, guid: 39ae2b4a4072e4a449de5ec2dc46e92e,
        type: 3}
      propertyPath: m_LocalRotation.y
      value: -0
      objectReference: {fileID: 0}
    - target: {fileID: 3806560369383252893, guid: 39ae2b4a4072e4a449de5ec2dc46e92e,
        type: 3}
      propertyPath: m_LocalRotation.z
      value: -0
      objectReference: {fileID: 0}
    - target: {fileID: 3806560369383252893, guid: 39ae2b4a4072e4a449de5ec2dc46e92e,
        type: 3}
      propertyPath: m_LocalRotation.w
      value: 1
      objectReference: {fileID: 0}
    - target: {fileID: 3806560369383252893, guid: 39ae2b4a4072e4a449de5ec2dc46e92e,
        type: 3}
      propertyPath: m_RootOrder
      value: 1
      objectReference: {fileID: 0}
    - target: {fileID: 3806560369383252893, guid: 39ae2b4a4072e4a449de5ec2dc46e92e,
        type: 3}
      propertyPath: m_LocalEulerAnglesHint.x
      value: 0
      objectReference: {fileID: 0}
    - target: {fileID: 3806560369383252893, guid: 39ae2b4a4072e4a449de5ec2dc46e92e,
        type: 3}
      propertyPath: m_LocalEulerAnglesHint.y
      value: 0
      objectReference: {fileID: 0}
    - target: {fileID: 3806560369383252893, guid: 39ae2b4a4072e4a449de5ec2dc46e92e,
        type: 3}
      propertyPath: m_LocalEulerAnglesHint.z
      value: 0
      objectReference: {fileID: 0}
    m_RemovedComponents: []
  m_SourcePrefab: {fileID: 100100000, guid: 39ae2b4a4072e4a449de5ec2dc46e92e, type: 3}
--- !u!4 &8203863144434442119 stripped
Transform:
  m_CorrespondingSourceObject: {fileID: 3806560369383252893, guid: 39ae2b4a4072e4a449de5ec2dc46e92e,
    type: 3}
  m_PrefabInstance: {fileID: 4974899156436139034}
  m_PrefabAsset: {fileID: 0}
--- !u!1001 &5082017448434065076
PrefabInstance:
  m_ObjectHideFlags: 0
  serializedVersion: 2
  m_Modification:
    m_TransformParent: {fileID: 2205414348130229024}
    m_Modifications:
    - target: {fileID: 2960867715132826864, guid: 39ae2b4a4072e4a449de5ec2dc46e92e,
        type: 3}
      propertyPath: m_Name
      value: tower (3)
      objectReference: {fileID: 0}
    - target: {fileID: 3806560369383252893, guid: 39ae2b4a4072e4a449de5ec2dc46e92e,
        type: 3}
      propertyPath: m_LocalPosition.x
      value: -127.52
      objectReference: {fileID: 0}
    - target: {fileID: 3806560369383252893, guid: 39ae2b4a4072e4a449de5ec2dc46e92e,
        type: 3}
      propertyPath: m_LocalPosition.y
      value: -15.874
      objectReference: {fileID: 0}
    - target: {fileID: 3806560369383252893, guid: 39ae2b4a4072e4a449de5ec2dc46e92e,
        type: 3}
      propertyPath: m_LocalPosition.z
      value: 2.9930003
      objectReference: {fileID: 0}
    - target: {fileID: 3806560369383252893, guid: 39ae2b4a4072e4a449de5ec2dc46e92e,
        type: 3}
      propertyPath: m_LocalRotation.x
      value: -0
      objectReference: {fileID: 0}
    - target: {fileID: 3806560369383252893, guid: 39ae2b4a4072e4a449de5ec2dc46e92e,
        type: 3}
      propertyPath: m_LocalRotation.y
      value: -0
      objectReference: {fileID: 0}
    - target: {fileID: 3806560369383252893, guid: 39ae2b4a4072e4a449de5ec2dc46e92e,
        type: 3}
      propertyPath: m_LocalRotation.z
      value: -0
      objectReference: {fileID: 0}
    - target: {fileID: 3806560369383252893, guid: 39ae2b4a4072e4a449de5ec2dc46e92e,
        type: 3}
      propertyPath: m_LocalRotation.w
      value: 1
      objectReference: {fileID: 0}
    - target: {fileID: 3806560369383252893, guid: 39ae2b4a4072e4a449de5ec2dc46e92e,
        type: 3}
      propertyPath: m_RootOrder
      value: 4
      objectReference: {fileID: 0}
    - target: {fileID: 3806560369383252893, guid: 39ae2b4a4072e4a449de5ec2dc46e92e,
        type: 3}
      propertyPath: m_LocalEulerAnglesHint.x
      value: 0
      objectReference: {fileID: 0}
    - target: {fileID: 3806560369383252893, guid: 39ae2b4a4072e4a449de5ec2dc46e92e,
        type: 3}
      propertyPath: m_LocalEulerAnglesHint.y
      value: 0
      objectReference: {fileID: 0}
    - target: {fileID: 3806560369383252893, guid: 39ae2b4a4072e4a449de5ec2dc46e92e,
        type: 3}
      propertyPath: m_LocalEulerAnglesHint.z
      value: 0
      objectReference: {fileID: 0}
    m_RemovedComponents: []
  m_SourcePrefab: {fileID: 100100000, guid: 39ae2b4a4072e4a449de5ec2dc46e92e, type: 3}
--- !u!4 &8238611547800534313 stripped
Transform:
  m_CorrespondingSourceObject: {fileID: 3806560369383252893, guid: 39ae2b4a4072e4a449de5ec2dc46e92e,
    type: 3}
  m_PrefabInstance: {fileID: 5082017448434065076}
  m_PrefabAsset: {fileID: 0}
--- !u!1001 &5082017448492397744
PrefabInstance:
  m_ObjectHideFlags: 0
  serializedVersion: 2
  m_Modification:
    m_TransformParent: {fileID: 2205414348130229024}
    m_Modifications:
    - target: {fileID: 2960867715132826864, guid: 39ae2b4a4072e4a449de5ec2dc46e92e,
        type: 3}
      propertyPath: m_Name
      value: tower (9)
      objectReference: {fileID: 0}
    - target: {fileID: 3806560369383252893, guid: 39ae2b4a4072e4a449de5ec2dc46e92e,
        type: 3}
      propertyPath: m_LocalPosition.x
      value: -74.482
      objectReference: {fileID: 0}
    - target: {fileID: 3806560369383252893, guid: 39ae2b4a4072e4a449de5ec2dc46e92e,
        type: 3}
      propertyPath: m_LocalPosition.y
      value: -15.874
      objectReference: {fileID: 0}
    - target: {fileID: 3806560369383252893, guid: 39ae2b4a4072e4a449de5ec2dc46e92e,
        type: 3}
      propertyPath: m_LocalPosition.z
      value: -8.012838
      objectReference: {fileID: 0}
    - target: {fileID: 3806560369383252893, guid: 39ae2b4a4072e4a449de5ec2dc46e92e,
        type: 3}
      propertyPath: m_LocalRotation.x
      value: -0
      objectReference: {fileID: 0}
    - target: {fileID: 3806560369383252893, guid: 39ae2b4a4072e4a449de5ec2dc46e92e,
        type: 3}
      propertyPath: m_LocalRotation.y
      value: 1
      objectReference: {fileID: 0}
    - target: {fileID: 3806560369383252893, guid: 39ae2b4a4072e4a449de5ec2dc46e92e,
        type: 3}
      propertyPath: m_LocalRotation.z
      value: -0
      objectReference: {fileID: 0}
    - target: {fileID: 3806560369383252893, guid: 39ae2b4a4072e4a449de5ec2dc46e92e,
        type: 3}
      propertyPath: m_LocalRotation.w
      value: 0
      objectReference: {fileID: 0}
    - target: {fileID: 3806560369383252893, guid: 39ae2b4a4072e4a449de5ec2dc46e92e,
        type: 3}
      propertyPath: m_RootOrder
      value: 10
      objectReference: {fileID: 0}
    - target: {fileID: 3806560369383252893, guid: 39ae2b4a4072e4a449de5ec2dc46e92e,
        type: 3}
      propertyPath: m_LocalEulerAnglesHint.x
      value: 0
      objectReference: {fileID: 0}
    - target: {fileID: 3806560369383252893, guid: 39ae2b4a4072e4a449de5ec2dc46e92e,
        type: 3}
      propertyPath: m_LocalEulerAnglesHint.y
      value: 180
      objectReference: {fileID: 0}
    - target: {fileID: 3806560369383252893, guid: 39ae2b4a4072e4a449de5ec2dc46e92e,
        type: 3}
      propertyPath: m_LocalEulerAnglesHint.z
      value: 0
      objectReference: {fileID: 0}
    m_RemovedComponents: []
  m_SourcePrefab: {fileID: 100100000, guid: 39ae2b4a4072e4a449de5ec2dc46e92e, type: 3}
--- !u!4 &8238611547825559341 stripped
Transform:
  m_CorrespondingSourceObject: {fileID: 3806560369383252893, guid: 39ae2b4a4072e4a449de5ec2dc46e92e,
    type: 3}
  m_PrefabInstance: {fileID: 5082017448492397744}
  m_PrefabAsset: {fileID: 0}
--- !u!1001 &5082017448971265350
PrefabInstance:
  m_ObjectHideFlags: 0
  serializedVersion: 2
  m_Modification:
    m_TransformParent: {fileID: 2205414348130229024}
    m_Modifications:
    - target: {fileID: 2960867715132826864, guid: 39ae2b4a4072e4a449de5ec2dc46e92e,
        type: 3}
      propertyPath: m_Name
      value: tower (12)
      objectReference: {fileID: 0}
    - target: {fileID: 3806560369383252893, guid: 39ae2b4a4072e4a449de5ec2dc46e92e,
        type: 3}
      propertyPath: m_LocalPosition.x
      value: -74.482
      objectReference: {fileID: 0}
    - target: {fileID: 3806560369383252893, guid: 39ae2b4a4072e4a449de5ec2dc46e92e,
        type: 3}
      propertyPath: m_LocalPosition.y
      value: -15.874
      objectReference: {fileID: 0}
    - target: {fileID: 3806560369383252893, guid: 39ae2b4a4072e4a449de5ec2dc46e92e,
        type: 3}
      propertyPath: m_LocalPosition.z
      value: -0.012838
      objectReference: {fileID: 0}
    - target: {fileID: 3806560369383252893, guid: 39ae2b4a4072e4a449de5ec2dc46e92e,
        type: 3}
      propertyPath: m_LocalRotation.x
      value: -0
      objectReference: {fileID: 0}
    - target: {fileID: 3806560369383252893, guid: 39ae2b4a4072e4a449de5ec2dc46e92e,
        type: 3}
      propertyPath: m_LocalRotation.y
      value: 1
      objectReference: {fileID: 0}
    - target: {fileID: 3806560369383252893, guid: 39ae2b4a4072e4a449de5ec2dc46e92e,
        type: 3}
      propertyPath: m_LocalRotation.z
      value: -0
      objectReference: {fileID: 0}
    - target: {fileID: 3806560369383252893, guid: 39ae2b4a4072e4a449de5ec2dc46e92e,
        type: 3}
      propertyPath: m_LocalRotation.w
      value: 0
      objectReference: {fileID: 0}
    - target: {fileID: 3806560369383252893, guid: 39ae2b4a4072e4a449de5ec2dc46e92e,
        type: 3}
      propertyPath: m_RootOrder
      value: 13
      objectReference: {fileID: 0}
    - target: {fileID: 3806560369383252893, guid: 39ae2b4a4072e4a449de5ec2dc46e92e,
        type: 3}
      propertyPath: m_LocalEulerAnglesHint.x
      value: 0
      objectReference: {fileID: 0}
    - target: {fileID: 3806560369383252893, guid: 39ae2b4a4072e4a449de5ec2dc46e92e,
        type: 3}
      propertyPath: m_LocalEulerAnglesHint.y
      value: 180
      objectReference: {fileID: 0}
    - target: {fileID: 3806560369383252893, guid: 39ae2b4a4072e4a449de5ec2dc46e92e,
        type: 3}
      propertyPath: m_LocalEulerAnglesHint.z
      value: 0
      objectReference: {fileID: 0}
    m_RemovedComponents: []
  m_SourcePrefab: {fileID: 100100000, guid: 39ae2b4a4072e4a449de5ec2dc46e92e, type: 3}
--- !u!4 &8238611547269613275 stripped
Transform:
  m_CorrespondingSourceObject: {fileID: 3806560369383252893, guid: 39ae2b4a4072e4a449de5ec2dc46e92e,
    type: 3}
  m_PrefabInstance: {fileID: 5082017448971265350}
  m_PrefabAsset: {fileID: 0}
--- !u!1001 &5082017449159895697
PrefabInstance:
  m_ObjectHideFlags: 0
  serializedVersion: 2
  m_Modification:
    m_TransformParent: {fileID: 2205414348130229024}
    m_Modifications:
    - target: {fileID: 2960867715132826864, guid: 39ae2b4a4072e4a449de5ec2dc46e92e,
        type: 3}
      propertyPath: m_Name
      value: tower (8)
      objectReference: {fileID: 0}
    - target: {fileID: 3806560369383252893, guid: 39ae2b4a4072e4a449de5ec2dc46e92e,
        type: 3}
      propertyPath: m_LocalPosition.x
      value: -74.482
      objectReference: {fileID: 0}
    - target: {fileID: 3806560369383252893, guid: 39ae2b4a4072e4a449de5ec2dc46e92e,
        type: 3}
      propertyPath: m_LocalPosition.y
      value: -15.874
      objectReference: {fileID: 0}
    - target: {fileID: 3806560369383252893, guid: 39ae2b4a4072e4a449de5ec2dc46e92e,
        type: 3}
      propertyPath: m_LocalPosition.z
      value: 7.9871616
      objectReference: {fileID: 0}
    - target: {fileID: 3806560369383252893, guid: 39ae2b4a4072e4a449de5ec2dc46e92e,
        type: 3}
      propertyPath: m_LocalRotation.x
      value: -0
      objectReference: {fileID: 0}
    - target: {fileID: 3806560369383252893, guid: 39ae2b4a4072e4a449de5ec2dc46e92e,
        type: 3}
      propertyPath: m_LocalRotation.y
      value: 1
      objectReference: {fileID: 0}
    - target: {fileID: 3806560369383252893, guid: 39ae2b4a4072e4a449de5ec2dc46e92e,
        type: 3}
      propertyPath: m_LocalRotation.z
      value: -0
      objectReference: {fileID: 0}
    - target: {fileID: 3806560369383252893, guid: 39ae2b4a4072e4a449de5ec2dc46e92e,
        type: 3}
      propertyPath: m_LocalRotation.w
      value: 0
      objectReference: {fileID: 0}
    - target: {fileID: 3806560369383252893, guid: 39ae2b4a4072e4a449de5ec2dc46e92e,
        type: 3}
      propertyPath: m_RootOrder
      value: 9
      objectReference: {fileID: 0}
    - target: {fileID: 3806560369383252893, guid: 39ae2b4a4072e4a449de5ec2dc46e92e,
        type: 3}
      propertyPath: m_LocalEulerAnglesHint.x
      value: 0
      objectReference: {fileID: 0}
    - target: {fileID: 3806560369383252893, guid: 39ae2b4a4072e4a449de5ec2dc46e92e,
        type: 3}
      propertyPath: m_LocalEulerAnglesHint.y
      value: 180
      objectReference: {fileID: 0}
    - target: {fileID: 3806560369383252893, guid: 39ae2b4a4072e4a449de5ec2dc46e92e,
        type: 3}
      propertyPath: m_LocalEulerAnglesHint.z
      value: 0
      objectReference: {fileID: 0}
    m_RemovedComponents: []
  m_SourcePrefab: {fileID: 100100000, guid: 39ae2b4a4072e4a449de5ec2dc46e92e, type: 3}
--- !u!4 &8238611547155859724 stripped
Transform:
  m_CorrespondingSourceObject: {fileID: 3806560369383252893, guid: 39ae2b4a4072e4a449de5ec2dc46e92e,
    type: 3}
  m_PrefabInstance: {fileID: 5082017449159895697}
  m_PrefabAsset: {fileID: 0}
--- !u!1001 &5082017449180703329
PrefabInstance:
  m_ObjectHideFlags: 0
  serializedVersion: 2
  m_Modification:
    m_TransformParent: {fileID: 2205414348130229024}
    m_Modifications:
    - target: {fileID: 7564193088959002931, guid: 7f655afbbb67a1c46a16cdba1d6ca36d,
        type: 3}
      propertyPath: m_Name
      value: tower (11)
      objectReference: {fileID: 0}
    - target: {fileID: 8448166356953382494, guid: 7f655afbbb67a1c46a16cdba1d6ca36d,
        type: 3}
      propertyPath: m_LocalPosition.x
      value: -74.482
      objectReference: {fileID: 0}
    - target: {fileID: 8448166356953382494, guid: 7f655afbbb67a1c46a16cdba1d6ca36d,
        type: 3}
      propertyPath: m_LocalPosition.y
      value: -15.874
      objectReference: {fileID: 0}
    - target: {fileID: 8448166356953382494, guid: 7f655afbbb67a1c46a16cdba1d6ca36d,
        type: 3}
      propertyPath: m_LocalPosition.z
      value: 11.987161
      objectReference: {fileID: 0}
    - target: {fileID: 8448166356953382494, guid: 7f655afbbb67a1c46a16cdba1d6ca36d,
        type: 3}
      propertyPath: m_LocalRotation.x
      value: -0
      objectReference: {fileID: 0}
    - target: {fileID: 8448166356953382494, guid: 7f655afbbb67a1c46a16cdba1d6ca36d,
        type: 3}
      propertyPath: m_LocalRotation.y
      value: 1
      objectReference: {fileID: 0}
    - target: {fileID: 8448166356953382494, guid: 7f655afbbb67a1c46a16cdba1d6ca36d,
        type: 3}
      propertyPath: m_LocalRotation.z
      value: -0
      objectReference: {fileID: 0}
    - target: {fileID: 8448166356953382494, guid: 7f655afbbb67a1c46a16cdba1d6ca36d,
        type: 3}
      propertyPath: m_LocalRotation.w
      value: 0
      objectReference: {fileID: 0}
    - target: {fileID: 8448166356953382494, guid: 7f655afbbb67a1c46a16cdba1d6ca36d,
        type: 3}
      propertyPath: m_RootOrder
      value: 12
      objectReference: {fileID: 0}
    - target: {fileID: 8448166356953382494, guid: 7f655afbbb67a1c46a16cdba1d6ca36d,
        type: 3}
      propertyPath: m_LocalEulerAnglesHint.x
      value: 0
      objectReference: {fileID: 0}
    - target: {fileID: 8448166356953382494, guid: 7f655afbbb67a1c46a16cdba1d6ca36d,
        type: 3}
      propertyPath: m_LocalEulerAnglesHint.y
      value: 180
      objectReference: {fileID: 0}
    - target: {fileID: 8448166356953382494, guid: 7f655afbbb67a1c46a16cdba1d6ca36d,
        type: 3}
      propertyPath: m_LocalEulerAnglesHint.z
      value: 0
      objectReference: {fileID: 0}
    m_RemovedComponents: []
  m_SourcePrefab: {fileID: 100100000, guid: 7f655afbbb67a1c46a16cdba1d6ca36d, type: 3}
--- !u!4 &3727601134082987071 stripped
Transform:
  m_CorrespondingSourceObject: {fileID: 8448166356953382494, guid: 7f655afbbb67a1c46a16cdba1d6ca36d,
    type: 3}
  m_PrefabInstance: {fileID: 5082017449180703329}
  m_PrefabAsset: {fileID: 0}
--- !u!1001 &5082017449346699047
PrefabInstance:
  m_ObjectHideFlags: 0
  serializedVersion: 2
  m_Modification:
    m_TransformParent: {fileID: 2205414348130229024}
    m_Modifications:
    - target: {fileID: 7564193088959002931, guid: 7f655afbbb67a1c46a16cdba1d6ca36d,
        type: 3}
      propertyPath: m_Name
      value: tower (10)
      objectReference: {fileID: 0}
    - target: {fileID: 8448166356953382494, guid: 7f655afbbb67a1c46a16cdba1d6ca36d,
        type: 3}
      propertyPath: m_LocalPosition.x
      value: -88.506004
      objectReference: {fileID: 0}
    - target: {fileID: 8448166356953382494, guid: 7f655afbbb67a1c46a16cdba1d6ca36d,
        type: 3}
      propertyPath: m_LocalPosition.y
      value: -15.874
      objectReference: {fileID: 0}
    - target: {fileID: 8448166356953382494, guid: 7f655afbbb67a1c46a16cdba1d6ca36d,
        type: 3}
      propertyPath: m_LocalPosition.z
      value: -27.03084
      objectReference: {fileID: 0}
    - target: {fileID: 8448166356953382494, guid: 7f655afbbb67a1c46a16cdba1d6ca36d,
        type: 3}
      propertyPath: m_LocalRotation.x
      value: 0
      objectReference: {fileID: 0}
    - target: {fileID: 8448166356953382494, guid: 7f655afbbb67a1c46a16cdba1d6ca36d,
        type: 3}
      propertyPath: m_LocalRotation.y
      value: 0.7071068
      objectReference: {fileID: 0}
    - target: {fileID: 8448166356953382494, guid: 7f655afbbb67a1c46a16cdba1d6ca36d,
        type: 3}
      propertyPath: m_LocalRotation.z
      value: -0
      objectReference: {fileID: 0}
    - target: {fileID: 8448166356953382494, guid: 7f655afbbb67a1c46a16cdba1d6ca36d,
        type: 3}
      propertyPath: m_LocalRotation.w
      value: -0.7071068
      objectReference: {fileID: 0}
    - target: {fileID: 8448166356953382494, guid: 7f655afbbb67a1c46a16cdba1d6ca36d,
        type: 3}
      propertyPath: m_RootOrder
      value: 11
      objectReference: {fileID: 0}
    - target: {fileID: 8448166356953382494, guid: 7f655afbbb67a1c46a16cdba1d6ca36d,
        type: 3}
      propertyPath: m_LocalEulerAnglesHint.x
      value: 0
      objectReference: {fileID: 0}
    - target: {fileID: 8448166356953382494, guid: 7f655afbbb67a1c46a16cdba1d6ca36d,
        type: 3}
      propertyPath: m_LocalEulerAnglesHint.y
      value: 270
      objectReference: {fileID: 0}
    - target: {fileID: 8448166356953382494, guid: 7f655afbbb67a1c46a16cdba1d6ca36d,
        type: 3}
      propertyPath: m_LocalEulerAnglesHint.z
      value: 0
      objectReference: {fileID: 0}
    m_RemovedComponents: []
  m_SourcePrefab: {fileID: 100100000, guid: 7f655afbbb67a1c46a16cdba1d6ca36d, type: 3}
--- !u!4 &3727601134248472953 stripped
Transform:
  m_CorrespondingSourceObject: {fileID: 8448166356953382494, guid: 7f655afbbb67a1c46a16cdba1d6ca36d,
    type: 3}
  m_PrefabInstance: {fileID: 5082017449346699047}
  m_PrefabAsset: {fileID: 0}
--- !u!1001 &5082017449543879063
PrefabInstance:
  m_ObjectHideFlags: 0
  serializedVersion: 2
  m_Modification:
    m_TransformParent: {fileID: 2205414348130229024}
    m_Modifications:
    - target: {fileID: 2960867715132826864, guid: 39ae2b4a4072e4a449de5ec2dc46e92e,
        type: 3}
      propertyPath: m_Name
      value: tower (4)
      objectReference: {fileID: 0}
    - target: {fileID: 3806560369383252893, guid: 39ae2b4a4072e4a449de5ec2dc46e92e,
        type: 3}
      propertyPath: m_LocalPosition.x
      value: -127.52
      objectReference: {fileID: 0}
    - target: {fileID: 3806560369383252893, guid: 39ae2b4a4072e4a449de5ec2dc46e92e,
        type: 3}
      propertyPath: m_LocalPosition.y
      value: -15.874
      objectReference: {fileID: 0}
    - target: {fileID: 3806560369383252893, guid: 39ae2b4a4072e4a449de5ec2dc46e92e,
        type: 3}
      propertyPath: m_LocalPosition.z
      value: -9.007
      objectReference: {fileID: 0}
    - target: {fileID: 3806560369383252893, guid: 39ae2b4a4072e4a449de5ec2dc46e92e,
        type: 3}
      propertyPath: m_LocalRotation.x
      value: -0
      objectReference: {fileID: 0}
    - target: {fileID: 3806560369383252893, guid: 39ae2b4a4072e4a449de5ec2dc46e92e,
        type: 3}
      propertyPath: m_LocalRotation.y
      value: -0
      objectReference: {fileID: 0}
    - target: {fileID: 3806560369383252893, guid: 39ae2b4a4072e4a449de5ec2dc46e92e,
        type: 3}
      propertyPath: m_LocalRotation.z
      value: -0
      objectReference: {fileID: 0}
    - target: {fileID: 3806560369383252893, guid: 39ae2b4a4072e4a449de5ec2dc46e92e,
        type: 3}
      propertyPath: m_LocalRotation.w
      value: 1
      objectReference: {fileID: 0}
    - target: {fileID: 3806560369383252893, guid: 39ae2b4a4072e4a449de5ec2dc46e92e,
        type: 3}
      propertyPath: m_RootOrder
      value: 5
      objectReference: {fileID: 0}
    - target: {fileID: 3806560369383252893, guid: 39ae2b4a4072e4a449de5ec2dc46e92e,
        type: 3}
      propertyPath: m_LocalEulerAnglesHint.x
      value: 0
      objectReference: {fileID: 0}
    - target: {fileID: 3806560369383252893, guid: 39ae2b4a4072e4a449de5ec2dc46e92e,
        type: 3}
      propertyPath: m_LocalEulerAnglesHint.y
      value: 0
      objectReference: {fileID: 0}
    - target: {fileID: 3806560369383252893, guid: 39ae2b4a4072e4a449de5ec2dc46e92e,
        type: 3}
      propertyPath: m_LocalEulerAnglesHint.z
      value: 0
      objectReference: {fileID: 0}
    m_RemovedComponents: []
  m_SourcePrefab: {fileID: 100100000, guid: 39ae2b4a4072e4a449de5ec2dc46e92e, type: 3}
--- !u!4 &8238611546764044810 stripped
Transform:
  m_CorrespondingSourceObject: {fileID: 3806560369383252893, guid: 39ae2b4a4072e4a449de5ec2dc46e92e,
    type: 3}
  m_PrefabInstance: {fileID: 5082017449543879063}
  m_PrefabAsset: {fileID: 0}
--- !u!1001 &5082017449679218036
PrefabInstance:
  m_ObjectHideFlags: 0
  serializedVersion: 2
  m_Modification:
    m_TransformParent: {fileID: 2205414348130229024}
    m_Modifications:
    - target: {fileID: 2960867715132826864, guid: 39ae2b4a4072e4a449de5ec2dc46e92e,
        type: 3}
      propertyPath: m_Name
      value: tower (13)
      objectReference: {fileID: 0}
    - target: {fileID: 3806560369383252893, guid: 39ae2b4a4072e4a449de5ec2dc46e92e,
        type: 3}
      propertyPath: m_LocalPosition.x
      value: -74.482
      objectReference: {fileID: 0}
    - target: {fileID: 3806560369383252893, guid: 39ae2b4a4072e4a449de5ec2dc46e92e,
        type: 3}
      propertyPath: m_LocalPosition.y
      value: -15.874
      objectReference: {fileID: 0}
    - target: {fileID: 3806560369383252893, guid: 39ae2b4a4072e4a449de5ec2dc46e92e,
        type: 3}
      propertyPath: m_LocalPosition.z
      value: -4.0128384
      objectReference: {fileID: 0}
    - target: {fileID: 3806560369383252893, guid: 39ae2b4a4072e4a449de5ec2dc46e92e,
        type: 3}
      propertyPath: m_LocalRotation.x
      value: -0
      objectReference: {fileID: 0}
    - target: {fileID: 3806560369383252893, guid: 39ae2b4a4072e4a449de5ec2dc46e92e,
        type: 3}
      propertyPath: m_LocalRotation.y
      value: 1
      objectReference: {fileID: 0}
    - target: {fileID: 3806560369383252893, guid: 39ae2b4a4072e4a449de5ec2dc46e92e,
        type: 3}
      propertyPath: m_LocalRotation.z
      value: -0
      objectReference: {fileID: 0}
    - target: {fileID: 3806560369383252893, guid: 39ae2b4a4072e4a449de5ec2dc46e92e,
        type: 3}
      propertyPath: m_LocalRotation.w
      value: 0
      objectReference: {fileID: 0}
    - target: {fileID: 3806560369383252893, guid: 39ae2b4a4072e4a449de5ec2dc46e92e,
        type: 3}
      propertyPath: m_RootOrder
      value: 14
      objectReference: {fileID: 0}
    - target: {fileID: 3806560369383252893, guid: 39ae2b4a4072e4a449de5ec2dc46e92e,
        type: 3}
      propertyPath: m_LocalEulerAnglesHint.x
      value: 0
      objectReference: {fileID: 0}
    - target: {fileID: 3806560369383252893, guid: 39ae2b4a4072e4a449de5ec2dc46e92e,
        type: 3}
      propertyPath: m_LocalEulerAnglesHint.y
      value: 180
      objectReference: {fileID: 0}
    - target: {fileID: 3806560369383252893, guid: 39ae2b4a4072e4a449de5ec2dc46e92e,
        type: 3}
      propertyPath: m_LocalEulerAnglesHint.z
      value: 0
      objectReference: {fileID: 0}
    m_RemovedComponents: []
  m_SourcePrefab: {fileID: 100100000, guid: 39ae2b4a4072e4a449de5ec2dc46e92e, type: 3}
--- !u!4 &8238611546630801129 stripped
Transform:
  m_CorrespondingSourceObject: {fileID: 3806560369383252893, guid: 39ae2b4a4072e4a449de5ec2dc46e92e,
    type: 3}
  m_PrefabInstance: {fileID: 5082017449679218036}
  m_PrefabAsset: {fileID: 0}
--- !u!1001 &5082017449854755162
PrefabInstance:
  m_ObjectHideFlags: 0
  serializedVersion: 2
  m_Modification:
    m_TransformParent: {fileID: 2205414348130229024}
    m_Modifications:
    - target: {fileID: 2960867715132826864, guid: 39ae2b4a4072e4a449de5ec2dc46e92e,
        type: 3}
      propertyPath: m_Name
      value: tower (7)
      objectReference: {fileID: 0}
    - target: {fileID: 3806560369383252893, guid: 39ae2b4a4072e4a449de5ec2dc46e92e,
        type: 3}
      propertyPath: m_LocalPosition.x
      value: -74.482
      objectReference: {fileID: 0}
    - target: {fileID: 3806560369383252893, guid: 39ae2b4a4072e4a449de5ec2dc46e92e,
        type: 3}
      propertyPath: m_LocalPosition.y
      value: -15.874
      objectReference: {fileID: 0}
    - target: {fileID: 3806560369383252893, guid: 39ae2b4a4072e4a449de5ec2dc46e92e,
        type: 3}
      propertyPath: m_LocalPosition.z
      value: 3.9871619
      objectReference: {fileID: 0}
    - target: {fileID: 3806560369383252893, guid: 39ae2b4a4072e4a449de5ec2dc46e92e,
        type: 3}
      propertyPath: m_LocalRotation.x
      value: -0
      objectReference: {fileID: 0}
    - target: {fileID: 3806560369383252893, guid: 39ae2b4a4072e4a449de5ec2dc46e92e,
        type: 3}
      propertyPath: m_LocalRotation.y
      value: 1
      objectReference: {fileID: 0}
    - target: {fileID: 3806560369383252893, guid: 39ae2b4a4072e4a449de5ec2dc46e92e,
        type: 3}
      propertyPath: m_LocalRotation.z
      value: -0
      objectReference: {fileID: 0}
    - target: {fileID: 3806560369383252893, guid: 39ae2b4a4072e4a449de5ec2dc46e92e,
        type: 3}
      propertyPath: m_LocalRotation.w
      value: 0
      objectReference: {fileID: 0}
    - target: {fileID: 3806560369383252893, guid: 39ae2b4a4072e4a449de5ec2dc46e92e,
        type: 3}
      propertyPath: m_RootOrder
      value: 8
      objectReference: {fileID: 0}
    - target: {fileID: 3806560369383252893, guid: 39ae2b4a4072e4a449de5ec2dc46e92e,
        type: 3}
      propertyPath: m_LocalEulerAnglesHint.x
      value: 0
      objectReference: {fileID: 0}
    - target: {fileID: 3806560369383252893, guid: 39ae2b4a4072e4a449de5ec2dc46e92e,
        type: 3}
      propertyPath: m_LocalEulerAnglesHint.y
      value: 180
      objectReference: {fileID: 0}
    - target: {fileID: 3806560369383252893, guid: 39ae2b4a4072e4a449de5ec2dc46e92e,
        type: 3}
      propertyPath: m_LocalEulerAnglesHint.z
      value: 0
      objectReference: {fileID: 0}
    m_RemovedComponents: []
  m_SourcePrefab: {fileID: 100100000, guid: 39ae2b4a4072e4a449de5ec2dc46e92e, type: 3}
--- !u!4 &8238611545731809991 stripped
Transform:
  m_CorrespondingSourceObject: {fileID: 3806560369383252893, guid: 39ae2b4a4072e4a449de5ec2dc46e92e,
    type: 3}
  m_PrefabInstance: {fileID: 5082017449854755162}
  m_PrefabAsset: {fileID: 0}
--- !u!1001 &5082017449967359724
PrefabInstance:
  m_ObjectHideFlags: 0
  serializedVersion: 2
  m_Modification:
    m_TransformParent: {fileID: 2205414348130229024}
    m_Modifications:
    - target: {fileID: 2960867715132826864, guid: 39ae2b4a4072e4a449de5ec2dc46e92e,
        type: 3}
      propertyPath: m_Name
      value: tower (1)
      objectReference: {fileID: 0}
    - target: {fileID: 3806560369383252893, guid: 39ae2b4a4072e4a449de5ec2dc46e92e,
        type: 3}
      propertyPath: m_LocalPosition.x
      value: -127.52
      objectReference: {fileID: 0}
    - target: {fileID: 3806560369383252893, guid: 39ae2b4a4072e4a449de5ec2dc46e92e,
        type: 3}
      propertyPath: m_LocalPosition.y
      value: -15.874
      objectReference: {fileID: 0}
    - target: {fileID: 3806560369383252893, guid: 39ae2b4a4072e4a449de5ec2dc46e92e,
        type: 3}
      propertyPath: m_LocalPosition.z
      value: -5.007
      objectReference: {fileID: 0}
    - target: {fileID: 3806560369383252893, guid: 39ae2b4a4072e4a449de5ec2dc46e92e,
        type: 3}
      propertyPath: m_LocalRotation.x
      value: -0
      objectReference: {fileID: 0}
    - target: {fileID: 3806560369383252893, guid: 39ae2b4a4072e4a449de5ec2dc46e92e,
        type: 3}
      propertyPath: m_LocalRotation.y
      value: -0
      objectReference: {fileID: 0}
    - target: {fileID: 3806560369383252893, guid: 39ae2b4a4072e4a449de5ec2dc46e92e,
        type: 3}
      propertyPath: m_LocalRotation.z
      value: -0
      objectReference: {fileID: 0}
    - target: {fileID: 3806560369383252893, guid: 39ae2b4a4072e4a449de5ec2dc46e92e,
        type: 3}
      propertyPath: m_LocalRotation.w
      value: 1
      objectReference: {fileID: 0}
    - target: {fileID: 3806560369383252893, guid: 39ae2b4a4072e4a449de5ec2dc46e92e,
        type: 3}
      propertyPath: m_RootOrder
      value: 2
      objectReference: {fileID: 0}
    - target: {fileID: 3806560369383252893, guid: 39ae2b4a4072e4a449de5ec2dc46e92e,
        type: 3}
      propertyPath: m_LocalEulerAnglesHint.x
      value: 0
      objectReference: {fileID: 0}
    - target: {fileID: 3806560369383252893, guid: 39ae2b4a4072e4a449de5ec2dc46e92e,
        type: 3}
      propertyPath: m_LocalEulerAnglesHint.y
      value: 0
      objectReference: {fileID: 0}
    - target: {fileID: 3806560369383252893, guid: 39ae2b4a4072e4a449de5ec2dc46e92e,
        type: 3}
      propertyPath: m_LocalEulerAnglesHint.z
      value: 0
      objectReference: {fileID: 0}
    m_RemovedComponents: []
  m_SourcePrefab: {fileID: 100100000, guid: 39ae2b4a4072e4a449de5ec2dc46e92e, type: 3}
--- !u!4 &8238611545812055409 stripped
Transform:
  m_CorrespondingSourceObject: {fileID: 3806560369383252893, guid: 39ae2b4a4072e4a449de5ec2dc46e92e,
    type: 3}
  m_PrefabInstance: {fileID: 5082017449967359724}
  m_PrefabAsset: {fileID: 0}
--- !u!1001 &5082017450014705460
PrefabInstance:
  m_ObjectHideFlags: 0
  serializedVersion: 2
  m_Modification:
    m_TransformParent: {fileID: 2205414348130229024}
    m_Modifications:
    - target: {fileID: 2960867715132826864, guid: 39ae2b4a4072e4a449de5ec2dc46e92e,
        type: 3}
      propertyPath: m_Name
      value: tower (2)
      objectReference: {fileID: 0}
    - target: {fileID: 3806560369383252893, guid: 39ae2b4a4072e4a449de5ec2dc46e92e,
        type: 3}
      propertyPath: m_LocalPosition.x
      value: -127.52
      objectReference: {fileID: 0}
    - target: {fileID: 3806560369383252893, guid: 39ae2b4a4072e4a449de5ec2dc46e92e,
        type: 3}
      propertyPath: m_LocalPosition.y
      value: -15.874
      objectReference: {fileID: 0}
    - target: {fileID: 3806560369383252893, guid: 39ae2b4a4072e4a449de5ec2dc46e92e,
        type: 3}
      propertyPath: m_LocalPosition.z
      value: 6.993
      objectReference: {fileID: 0}
    - target: {fileID: 3806560369383252893, guid: 39ae2b4a4072e4a449de5ec2dc46e92e,
        type: 3}
      propertyPath: m_LocalRotation.x
      value: -0
      objectReference: {fileID: 0}
    - target: {fileID: 3806560369383252893, guid: 39ae2b4a4072e4a449de5ec2dc46e92e,
        type: 3}
      propertyPath: m_LocalRotation.y
      value: -0
      objectReference: {fileID: 0}
    - target: {fileID: 3806560369383252893, guid: 39ae2b4a4072e4a449de5ec2dc46e92e,
        type: 3}
      propertyPath: m_LocalRotation.z
      value: -0
      objectReference: {fileID: 0}
    - target: {fileID: 3806560369383252893, guid: 39ae2b4a4072e4a449de5ec2dc46e92e,
        type: 3}
      propertyPath: m_LocalRotation.w
      value: 1
      objectReference: {fileID: 0}
    - target: {fileID: 3806560369383252893, guid: 39ae2b4a4072e4a449de5ec2dc46e92e,
        type: 3}
      propertyPath: m_RootOrder
      value: 3
      objectReference: {fileID: 0}
    - target: {fileID: 3806560369383252893, guid: 39ae2b4a4072e4a449de5ec2dc46e92e,
        type: 3}
      propertyPath: m_LocalEulerAnglesHint.x
      value: 0
      objectReference: {fileID: 0}
    - target: {fileID: 3806560369383252893, guid: 39ae2b4a4072e4a449de5ec2dc46e92e,
        type: 3}
      propertyPath: m_LocalEulerAnglesHint.y
      value: 0
      objectReference: {fileID: 0}
    - target: {fileID: 3806560369383252893, guid: 39ae2b4a4072e4a449de5ec2dc46e92e,
        type: 3}
      propertyPath: m_LocalEulerAnglesHint.z
      value: 0
      objectReference: {fileID: 0}
    m_RemovedComponents: []
  m_SourcePrefab: {fileID: 100100000, guid: 39ae2b4a4072e4a449de5ec2dc46e92e, type: 3}
--- !u!4 &8238611546161128617 stripped
Transform:
  m_CorrespondingSourceObject: {fileID: 3806560369383252893, guid: 39ae2b4a4072e4a449de5ec2dc46e92e,
    type: 3}
  m_PrefabInstance: {fileID: 5082017450014705460}
  m_PrefabAsset: {fileID: 0}
--- !u!1001 &5082017450216069955
PrefabInstance:
  m_ObjectHideFlags: 0
  serializedVersion: 2
  m_Modification:
    m_TransformParent: {fileID: 2205414348130229024}
    m_Modifications:
    - target: {fileID: 7564193088959002931, guid: 7f655afbbb67a1c46a16cdba1d6ca36d,
        type: 3}
      propertyPath: m_Name
      value: tower (6)
      objectReference: {fileID: 0}
    - target: {fileID: 8448166356953382494, guid: 7f655afbbb67a1c46a16cdba1d6ca36d,
        type: 3}
      propertyPath: m_LocalPosition.x
      value: -113.5
      objectReference: {fileID: 0}
    - target: {fileID: 8448166356953382494, guid: 7f655afbbb67a1c46a16cdba1d6ca36d,
        type: 3}
      propertyPath: m_LocalPosition.y
      value: -15.874
      objectReference: {fileID: 0}
    - target: {fileID: 8448166356953382494, guid: 7f655afbbb67a1c46a16cdba1d6ca36d,
        type: 3}
      propertyPath: m_LocalPosition.z
      value: 26.011
      objectReference: {fileID: 0}
    - target: {fileID: 8448166356953382494, guid: 7f655afbbb67a1c46a16cdba1d6ca36d,
        type: 3}
      propertyPath: m_LocalRotation.x
      value: -0
      objectReference: {fileID: 0}
    - target: {fileID: 8448166356953382494, guid: 7f655afbbb67a1c46a16cdba1d6ca36d,
        type: 3}
      propertyPath: m_LocalRotation.y
      value: 0.7071068
      objectReference: {fileID: 0}
    - target: {fileID: 8448166356953382494, guid: 7f655afbbb67a1c46a16cdba1d6ca36d,
        type: 3}
      propertyPath: m_LocalRotation.z
      value: -0
      objectReference: {fileID: 0}
    - target: {fileID: 8448166356953382494, guid: 7f655afbbb67a1c46a16cdba1d6ca36d,
        type: 3}
      propertyPath: m_LocalRotation.w
      value: 0.7071068
      objectReference: {fileID: 0}
    - target: {fileID: 8448166356953382494, guid: 7f655afbbb67a1c46a16cdba1d6ca36d,
        type: 3}
      propertyPath: m_RootOrder
      value: 7
      objectReference: {fileID: 0}
    - target: {fileID: 8448166356953382494, guid: 7f655afbbb67a1c46a16cdba1d6ca36d,
        type: 3}
      propertyPath: m_LocalEulerAnglesHint.x
      value: 0
      objectReference: {fileID: 0}
    - target: {fileID: 8448166356953382494, guid: 7f655afbbb67a1c46a16cdba1d6ca36d,
        type: 3}
      propertyPath: m_LocalEulerAnglesHint.y
      value: 90
      objectReference: {fileID: 0}
    - target: {fileID: 8448166356953382494, guid: 7f655afbbb67a1c46a16cdba1d6ca36d,
        type: 3}
      propertyPath: m_LocalEulerAnglesHint.z
      value: 0
      objectReference: {fileID: 0}
    m_RemovedComponents: []
  m_SourcePrefab: {fileID: 100100000, guid: 7f655afbbb67a1c46a16cdba1d6ca36d, type: 3}
--- !u!4 &3727601134461494557 stripped
Transform:
  m_CorrespondingSourceObject: {fileID: 8448166356953382494, guid: 7f655afbbb67a1c46a16cdba1d6ca36d,
    type: 3}
  m_PrefabInstance: {fileID: 5082017450216069955}
  m_PrefabAsset: {fileID: 0}
--- !u!1001 &5920888213173661966
PrefabInstance:
  m_ObjectHideFlags: 0
  serializedVersion: 2
  m_Modification:
    m_TransformParent: {fileID: 2205414348130229024}
    m_Modifications:
    - target: {fileID: 2960867715132826864, guid: 39ae2b4a4072e4a449de5ec2dc46e92e,
        type: 3}
      propertyPath: m_Name
      value: wall (8)
      objectReference: {fileID: 0}
    - target: {fileID: 3806560369383252893, guid: 39ae2b4a4072e4a449de5ec2dc46e92e,
        type: 3}
      propertyPath: m_LocalPosition.x
      value: -96.506
      objectReference: {fileID: 0}
    - target: {fileID: 3806560369383252893, guid: 39ae2b4a4072e4a449de5ec2dc46e92e,
        type: 3}
      propertyPath: m_LocalPosition.y
      value: -15.874
      objectReference: {fileID: 0}
    - target: {fileID: 3806560369383252893, guid: 39ae2b4a4072e4a449de5ec2dc46e92e,
        type: 3}
      propertyPath: m_LocalPosition.z
      value: -27.031
      objectReference: {fileID: 0}
    - target: {fileID: 3806560369383252893, guid: 39ae2b4a4072e4a449de5ec2dc46e92e,
        type: 3}
      propertyPath: m_LocalRotation.x
      value: 0
      objectReference: {fileID: 0}
    - target: {fileID: 3806560369383252893, guid: 39ae2b4a4072e4a449de5ec2dc46e92e,
        type: 3}
      propertyPath: m_LocalRotation.y
      value: 0.7071068
      objectReference: {fileID: 0}
    - target: {fileID: 3806560369383252893, guid: 39ae2b4a4072e4a449de5ec2dc46e92e,
        type: 3}
      propertyPath: m_LocalRotation.z
      value: -0
      objectReference: {fileID: 0}
    - target: {fileID: 3806560369383252893, guid: 39ae2b4a4072e4a449de5ec2dc46e92e,
        type: 3}
      propertyPath: m_LocalRotation.w
      value: -0.7071068
      objectReference: {fileID: 0}
    - target: {fileID: 3806560369383252893, guid: 39ae2b4a4072e4a449de5ec2dc46e92e,
        type: 3}
      propertyPath: m_RootOrder
      value: 22
      objectReference: {fileID: 0}
    - target: {fileID: 3806560369383252893, guid: 39ae2b4a4072e4a449de5ec2dc46e92e,
        type: 3}
      propertyPath: m_LocalEulerAnglesHint.x
      value: 0
      objectReference: {fileID: 0}
    - target: {fileID: 3806560369383252893, guid: 39ae2b4a4072e4a449de5ec2dc46e92e,
        type: 3}
      propertyPath: m_LocalEulerAnglesHint.y
      value: 270
      objectReference: {fileID: 0}
    - target: {fileID: 3806560369383252893, guid: 39ae2b4a4072e4a449de5ec2dc46e92e,
        type: 3}
      propertyPath: m_LocalEulerAnglesHint.z
      value: 0
      objectReference: {fileID: 0}
    m_RemovedComponents: []
  m_SourcePrefab: {fileID: 100100000, guid: 39ae2b4a4072e4a449de5ec2dc46e92e, type: 3}
--- !u!4 &7419862944821301907 stripped
Transform:
  m_CorrespondingSourceObject: {fileID: 3806560369383252893, guid: 39ae2b4a4072e4a449de5ec2dc46e92e,
    type: 3}
  m_PrefabInstance: {fileID: 5920888213173661966}
  m_PrefabAsset: {fileID: 0}
--- !u!1001 &6385743764960584381
PrefabInstance:
  m_ObjectHideFlags: 0
  serializedVersion: 2
  m_Modification:
    m_TransformParent: {fileID: 2205414348130229024}
    m_Modifications:
    - target: {fileID: 2960867715132826864, guid: 39ae2b4a4072e4a449de5ec2dc46e92e,
        type: 3}
      propertyPath: m_Name
      value: wall (7)
      objectReference: {fileID: 0}
    - target: {fileID: 3806560369383252893, guid: 39ae2b4a4072e4a449de5ec2dc46e92e,
        type: 3}
      propertyPath: m_LocalPosition.x
      value: -100.506
      objectReference: {fileID: 0}
    - target: {fileID: 3806560369383252893, guid: 39ae2b4a4072e4a449de5ec2dc46e92e,
        type: 3}
      propertyPath: m_LocalPosition.y
      value: -15.874
      objectReference: {fileID: 0}
    - target: {fileID: 3806560369383252893, guid: 39ae2b4a4072e4a449de5ec2dc46e92e,
        type: 3}
      propertyPath: m_LocalPosition.z
      value: -27.031
      objectReference: {fileID: 0}
    - target: {fileID: 3806560369383252893, guid: 39ae2b4a4072e4a449de5ec2dc46e92e,
        type: 3}
      propertyPath: m_LocalRotation.x
      value: 0
      objectReference: {fileID: 0}
    - target: {fileID: 3806560369383252893, guid: 39ae2b4a4072e4a449de5ec2dc46e92e,
        type: 3}
      propertyPath: m_LocalRotation.y
      value: 0.7071068
      objectReference: {fileID: 0}
    - target: {fileID: 3806560369383252893, guid: 39ae2b4a4072e4a449de5ec2dc46e92e,
        type: 3}
      propertyPath: m_LocalRotation.z
      value: -0
      objectReference: {fileID: 0}
    - target: {fileID: 3806560369383252893, guid: 39ae2b4a4072e4a449de5ec2dc46e92e,
        type: 3}
      propertyPath: m_LocalRotation.w
      value: -0.7071068
      objectReference: {fileID: 0}
    - target: {fileID: 3806560369383252893, guid: 39ae2b4a4072e4a449de5ec2dc46e92e,
        type: 3}
      propertyPath: m_RootOrder
      value: 21
      objectReference: {fileID: 0}
    - target: {fileID: 3806560369383252893, guid: 39ae2b4a4072e4a449de5ec2dc46e92e,
        type: 3}
      propertyPath: m_LocalEulerAnglesHint.x
      value: 0
      objectReference: {fileID: 0}
    - target: {fileID: 3806560369383252893, guid: 39ae2b4a4072e4a449de5ec2dc46e92e,
        type: 3}
      propertyPath: m_LocalEulerAnglesHint.y
      value: 270
      objectReference: {fileID: 0}
    - target: {fileID: 3806560369383252893, guid: 39ae2b4a4072e4a449de5ec2dc46e92e,
        type: 3}
      propertyPath: m_LocalEulerAnglesHint.z
      value: 0
      objectReference: {fileID: 0}
    m_RemovedComponents: []
  m_SourcePrefab: {fileID: 100100000, guid: 39ae2b4a4072e4a449de5ec2dc46e92e, type: 3}
--- !u!4 &7803935939839852832 stripped
Transform:
  m_CorrespondingSourceObject: {fileID: 3806560369383252893, guid: 39ae2b4a4072e4a449de5ec2dc46e92e,
    type: 3}
  m_PrefabInstance: {fileID: 6385743764960584381}
  m_PrefabAsset: {fileID: 0}
--- !u!1001 &6690576733700192851
PrefabInstance:
  m_ObjectHideFlags: 0
  serializedVersion: 2
  m_Modification:
    m_TransformParent: {fileID: 2205414348130229024}
    m_Modifications:
    - target: {fileID: 2960867715132826864, guid: 39ae2b4a4072e4a449de5ec2dc46e92e,
        type: 3}
      propertyPath: m_Name
      value: wall (5)
      objectReference: {fileID: 0}
    - target: {fileID: 3806560369383252893, guid: 39ae2b4a4072e4a449de5ec2dc46e92e,
        type: 3}
      propertyPath: m_LocalPosition.x
      value: -108.506
      objectReference: {fileID: 0}
    - target: {fileID: 3806560369383252893, guid: 39ae2b4a4072e4a449de5ec2dc46e92e,
        type: 3}
      propertyPath: m_LocalPosition.y
      value: -15.874
      objectReference: {fileID: 0}
    - target: {fileID: 3806560369383252893, guid: 39ae2b4a4072e4a449de5ec2dc46e92e,
        type: 3}
      propertyPath: m_LocalPosition.z
      value: -27.031
      objectReference: {fileID: 0}
    - target: {fileID: 3806560369383252893, guid: 39ae2b4a4072e4a449de5ec2dc46e92e,
        type: 3}
      propertyPath: m_LocalRotation.x
      value: 0
      objectReference: {fileID: 0}
    - target: {fileID: 3806560369383252893, guid: 39ae2b4a4072e4a449de5ec2dc46e92e,
        type: 3}
      propertyPath: m_LocalRotation.y
      value: 0.7071068
      objectReference: {fileID: 0}
    - target: {fileID: 3806560369383252893, guid: 39ae2b4a4072e4a449de5ec2dc46e92e,
        type: 3}
      propertyPath: m_LocalRotation.z
      value: -0
      objectReference: {fileID: 0}
    - target: {fileID: 3806560369383252893, guid: 39ae2b4a4072e4a449de5ec2dc46e92e,
        type: 3}
      propertyPath: m_LocalRotation.w
      value: -0.7071068
      objectReference: {fileID: 0}
    - target: {fileID: 3806560369383252893, guid: 39ae2b4a4072e4a449de5ec2dc46e92e,
        type: 3}
      propertyPath: m_RootOrder
      value: 19
      objectReference: {fileID: 0}
    - target: {fileID: 3806560369383252893, guid: 39ae2b4a4072e4a449de5ec2dc46e92e,
        type: 3}
      propertyPath: m_LocalEulerAnglesHint.x
      value: 0
      objectReference: {fileID: 0}
    - target: {fileID: 3806560369383252893, guid: 39ae2b4a4072e4a449de5ec2dc46e92e,
        type: 3}
      propertyPath: m_LocalEulerAnglesHint.y
      value: 270
      objectReference: {fileID: 0}
    - target: {fileID: 3806560369383252893, guid: 39ae2b4a4072e4a449de5ec2dc46e92e,
        type: 3}
      propertyPath: m_LocalEulerAnglesHint.z
      value: 0
      objectReference: {fileID: 0}
    m_RemovedComponents: []
  m_SourcePrefab: {fileID: 100100000, guid: 39ae2b4a4072e4a449de5ec2dc46e92e, type: 3}
--- !u!4 &7496851171908934094 stripped
Transform:
  m_CorrespondingSourceObject: {fileID: 3806560369383252893, guid: 39ae2b4a4072e4a449de5ec2dc46e92e,
    type: 3}
  m_PrefabInstance: {fileID: 6690576733700192851}
  m_PrefabAsset: {fileID: 0}
--- !u!1001 &7320922785792558517
PrefabInstance:
  m_ObjectHideFlags: 0
  serializedVersion: 2
  m_Modification:
    m_TransformParent: {fileID: 2205414348130229024}
    m_Modifications:
    - target: {fileID: 2960867715132826864, guid: 39ae2b4a4072e4a449de5ec2dc46e92e,
        type: 3}
      propertyPath: m_Name
      value: wall
      objectReference: {fileID: 0}
    - target: {fileID: 3806560369383252893, guid: 39ae2b4a4072e4a449de5ec2dc46e92e,
        type: 3}
      propertyPath: m_LocalPosition.x
      value: -109.5
      objectReference: {fileID: 0}
    - target: {fileID: 3806560369383252893, guid: 39ae2b4a4072e4a449de5ec2dc46e92e,
        type: 3}
      propertyPath: m_LocalPosition.y
      value: -15.874
      objectReference: {fileID: 0}
    - target: {fileID: 3806560369383252893, guid: 39ae2b4a4072e4a449de5ec2dc46e92e,
        type: 3}
      propertyPath: m_LocalPosition.z
      value: 26.011
      objectReference: {fileID: 0}
    - target: {fileID: 3806560369383252893, guid: 39ae2b4a4072e4a449de5ec2dc46e92e,
        type: 3}
      propertyPath: m_LocalRotation.x
      value: -0
      objectReference: {fileID: 0}
    - target: {fileID: 3806560369383252893, guid: 39ae2b4a4072e4a449de5ec2dc46e92e,
        type: 3}
      propertyPath: m_LocalRotation.y
      value: 0.7071068
      objectReference: {fileID: 0}
    - target: {fileID: 3806560369383252893, guid: 39ae2b4a4072e4a449de5ec2dc46e92e,
        type: 3}
      propertyPath: m_LocalRotation.z
      value: -0
      objectReference: {fileID: 0}
    - target: {fileID: 3806560369383252893, guid: 39ae2b4a4072e4a449de5ec2dc46e92e,
        type: 3}
      propertyPath: m_LocalRotation.w
      value: 0.7071068
      objectReference: {fileID: 0}
    - target: {fileID: 3806560369383252893, guid: 39ae2b4a4072e4a449de5ec2dc46e92e,
        type: 3}
      propertyPath: m_RootOrder
      value: 0
      objectReference: {fileID: 0}
    - target: {fileID: 3806560369383252893, guid: 39ae2b4a4072e4a449de5ec2dc46e92e,
        type: 3}
      propertyPath: m_LocalEulerAnglesHint.x
      value: 0
      objectReference: {fileID: 0}
    - target: {fileID: 3806560369383252893, guid: 39ae2b4a4072e4a449de5ec2dc46e92e,
        type: 3}
      propertyPath: m_LocalEulerAnglesHint.y
      value: 90
      objectReference: {fileID: 0}
    - target: {fileID: 3806560369383252893, guid: 39ae2b4a4072e4a449de5ec2dc46e92e,
        type: 3}
      propertyPath: m_LocalEulerAnglesHint.z
      value: 0
      objectReference: {fileID: 0}
    m_RemovedComponents: []
  m_SourcePrefab: {fileID: 100100000, guid: 39ae2b4a4072e4a449de5ec2dc46e92e, type: 3}
--- !u!4 &5857698777499018792 stripped
Transform:
  m_CorrespondingSourceObject: {fileID: 3806560369383252893, guid: 39ae2b4a4072e4a449de5ec2dc46e92e,
    type: 3}
  m_PrefabInstance: {fileID: 7320922785792558517}
  m_PrefabAsset: {fileID: 0}
--- !u!1001 &8561094295663875094
PrefabInstance:
  m_ObjectHideFlags: 0
  serializedVersion: 2
  m_Modification:
    m_TransformParent: {fileID: 2205414348130229024}
    m_Modifications:
    - target: {fileID: 3129695061830756347, guid: af443282878367f4d9b3dee29af05e9e,
        type: 3}
      propertyPath: m_Name
      value: tower (15)
      objectReference: {fileID: 0}
    - target: {fileID: 3939077443825328278, guid: af443282878367f4d9b3dee29af05e9e,
        type: 3}
      propertyPath: m_LocalPosition.x
      value: -127.52
      objectReference: {fileID: 0}
    - target: {fileID: 3939077443825328278, guid: af443282878367f4d9b3dee29af05e9e,
        type: 3}
      propertyPath: m_LocalPosition.y
      value: -9.874
      objectReference: {fileID: 0}
    - target: {fileID: 3939077443825328278, guid: af443282878367f4d9b3dee29af05e9e,
        type: 3}
      propertyPath: m_LocalPosition.z
      value: -13.007
      objectReference: {fileID: 0}
    - target: {fileID: 3939077443825328278, guid: af443282878367f4d9b3dee29af05e9e,
        type: 3}
      propertyPath: m_LocalRotation.x
      value: 0
      objectReference: {fileID: 0}
    - target: {fileID: 3939077443825328278, guid: af443282878367f4d9b3dee29af05e9e,
        type: 3}
      propertyPath: m_LocalRotation.y
      value: 0
      objectReference: {fileID: 0}
    - target: {fileID: 3939077443825328278, guid: af443282878367f4d9b3dee29af05e9e,
        type: 3}
      propertyPath: m_LocalRotation.z
      value: 0
      objectReference: {fileID: 0}
    - target: {fileID: 3939077443825328278, guid: af443282878367f4d9b3dee29af05e9e,
        type: 3}
      propertyPath: m_LocalRotation.w
      value: 1
      objectReference: {fileID: 0}
    - target: {fileID: 3939077443825328278, guid: af443282878367f4d9b3dee29af05e9e,
        type: 3}
      propertyPath: m_RootOrder
      value: 25
      objectReference: {fileID: 0}
    - target: {fileID: 3939077443825328278, guid: af443282878367f4d9b3dee29af05e9e,
        type: 3}
      propertyPath: m_LocalEulerAnglesHint.x
      value: 0
      objectReference: {fileID: 0}
    - target: {fileID: 3939077443825328278, guid: af443282878367f4d9b3dee29af05e9e,
        type: 3}
      propertyPath: m_LocalEulerAnglesHint.y
      value: 0
      objectReference: {fileID: 0}
    - target: {fileID: 3939077443825328278, guid: af443282878367f4d9b3dee29af05e9e,
        type: 3}
      propertyPath: m_LocalEulerAnglesHint.z
      value: 0
      objectReference: {fileID: 0}
    m_RemovedComponents: []
  m_SourcePrefab: {fileID: 100100000, guid: af443282878367f4d9b3dee29af05e9e, type: 3}
--- !u!4 &4640246896372053120 stripped
Transform:
  m_CorrespondingSourceObject: {fileID: 3939077443825328278, guid: af443282878367f4d9b3dee29af05e9e,
    type: 3}
  m_PrefabInstance: {fileID: 8561094295663875094}
  m_PrefabAsset: {fileID: 0}
--- !u!1001 &8821748924206548313
PrefabInstance:
  m_ObjectHideFlags: 0
  serializedVersion: 2
  m_Modification:
    m_TransformParent: {fileID: 2205414348130229024}
    m_Modifications:
    - target: {fileID: 3129695061830756347, guid: af443282878367f4d9b3dee29af05e9e,
        type: 3}
      propertyPath: m_Name
      value: tower (14)
      objectReference: {fileID: 0}
    - target: {fileID: 3939077443825328278, guid: af443282878367f4d9b3dee29af05e9e,
        type: 3}
      propertyPath: m_LocalPosition.x
      value: -113.5
      objectReference: {fileID: 0}
    - target: {fileID: 3939077443825328278, guid: af443282878367f4d9b3dee29af05e9e,
        type: 3}
      propertyPath: m_LocalPosition.y
      value: -9.874
      objectReference: {fileID: 0}
    - target: {fileID: 3939077443825328278, guid: af443282878367f4d9b3dee29af05e9e,
        type: 3}
      propertyPath: m_LocalPosition.z
      value: 26.011
      objectReference: {fileID: 0}
    - target: {fileID: 3939077443825328278, guid: af443282878367f4d9b3dee29af05e9e,
        type: 3}
      propertyPath: m_LocalRotation.x
      value: 0
      objectReference: {fileID: 0}
    - target: {fileID: 3939077443825328278, guid: af443282878367f4d9b3dee29af05e9e,
        type: 3}
      propertyPath: m_LocalRotation.y
      value: 0.7071068
      objectReference: {fileID: 0}
    - target: {fileID: 3939077443825328278, guid: af443282878367f4d9b3dee29af05e9e,
        type: 3}
      propertyPath: m_LocalRotation.z
      value: 0
      objectReference: {fileID: 0}
    - target: {fileID: 3939077443825328278, guid: af443282878367f4d9b3dee29af05e9e,
        type: 3}
      propertyPath: m_LocalRotation.w
      value: 0.7071068
      objectReference: {fileID: 0}
    - target: {fileID: 3939077443825328278, guid: af443282878367f4d9b3dee29af05e9e,
        type: 3}
      propertyPath: m_RootOrder
      value: 24
      objectReference: {fileID: 0}
    - target: {fileID: 3939077443825328278, guid: af443282878367f4d9b3dee29af05e9e,
        type: 3}
      propertyPath: m_LocalEulerAnglesHint.x
      value: 0
      objectReference: {fileID: 0}
    - target: {fileID: 3939077443825328278, guid: af443282878367f4d9b3dee29af05e9e,
        type: 3}
      propertyPath: m_LocalEulerAnglesHint.y
      value: 90
      objectReference: {fileID: 0}
    - target: {fileID: 3939077443825328278, guid: af443282878367f4d9b3dee29af05e9e,
        type: 3}
      propertyPath: m_LocalEulerAnglesHint.z
      value: 0
      objectReference: {fileID: 0}
    m_RemovedComponents: []
  m_SourcePrefab: {fileID: 100100000, guid: af443282878367f4d9b3dee29af05e9e, type: 3}
--- !u!4 &5532478596116014543 stripped
Transform:
  m_CorrespondingSourceObject: {fileID: 3939077443825328278, guid: af443282878367f4d9b3dee29af05e9e,
    type: 3}
  m_PrefabInstance: {fileID: 8821748924206548313}
  m_PrefabAsset: {fileID: 0}
